1824 3171
446 170 521 210 AD
553 167 714 210 SUUM
742 146 1040 206 DEMOSTH.
1072 164 1328 204 PRAEFAT.
1559 161 1621 201 xci

213 274 343 327 Roda]
371 273 500 312 Variae
514 273 714 318 lectiones,
730 277 832 310 notae
852 277 891 315 et
907 268 1263 315 observatiunculae,
1280 268 1470 306 desumtae
1484 281 1506 307 e
1520 279 1620 306 mar-

158 337 251 390 gine
272 335 515 387 Exemplaris
535 334 775 386 Hervagiani
793 332 941 386 prioris,
960 332 1000 370 in
1015 331 1153 370 eadem
1171 329 1416 369 bibliotheca„

213 455 339 504 Cana]
369 453 728 501 Annotatiunculae‚
754 461 798 492 ut
826 451 936 501 credi
961 463 1031 503 par
1055 457 1127 497 est,
1158 448 1311 488 Claudii
1331 447 1529 486 Groularti
1549 447 1612 496 (de

155 530 202 556 eo
221 517 310 555 vide
332 516 605 555 Praefationem
623 516 765 568 Lysiae,
786 528 878 566 pag.
902 510 981 563 15.)
1008 525 1057 551 ex
1086 511 1234 550 Aldino
1259 509 1471 562 exemplari
1489 509 1527 547 in
1554 509 1613 547 bi·

155 579 352 618 bliotheca
372 579 513 631 Regia,
532 592 618 631 quae
639 585 697 617 est
717 576 991 628 Cantabrigiae.

209 709 285 748 His
307 710 535 749 subnectam
553 709 645 748 licet
668 708 794 748 Codd.
823 710 888 762 qui
917 709 1011 747 mihi
1039 721 1182 761 magno
1211 707 1297 746 usui
1327 715 1367 747 et
1394 706 1615 757 adjumento

154 771 328 819 fuerunt,
361 771 453 810 licet
483 771 534 810 ad
565 772 669 810 hune
700 779 849 810 tomum
887 785 966 810 non
998 771 1229 824 pertineant.
1291 770 1392 810 Voss.
1423 770 1615 808 Baroc.2.

156 834 292 872 Baroc.
311 837 350 873 3.
371 834 490 872 Laud.
511 834 640 872 Mead.
660 833 812 872 Loclser.
848 833 997 872 Coislin.
1028 833 1124 884 Reg.
1148 836 1185 872 1.
1219 833 1315 884 Reg.
1338 834 1378 871 2.
1404 839 1482 870 etc.
1503 831 1617 870 Bern.

156 894 277 944 Moru]
309 895 398 933 Sive
417 894 493 934 sint
512 894 550 942 ii,
573 895 637 947 qui
657 895 889 934 concionum
918 895 1134 942 nonnullas,
1151 907 1248 946 quas
1268 893 1558 933 Demosthenes
1577 893 1617 931 in

157 955 302 994 Senatu
330 956 477 1004 habuit,
506 957 846 1008 complectuntur:
877 957 1110 1009 Philippicas
1138 956 1326 1007 intelligo,
1347 956 1409 994 vel
1428 956 1615 1008 quasdam

156 1017 207 1056 de
236 1018 310 1057 isto
338 1031 473 1070 grege.
530 1019 591 1057 Ex
609 1019 653 1057 iis
672 1026 809 1058 nactus
839 1032 922 1058 sum
942 1018 1187 1065 Vossianum‚
1214 1017 1473 1056 Baroccianos
1503 1018 1618 1068 duos,

156 1080 403 1121 Laudianum
423 1087 501 1119 etc.
560 1081 647 1119 Sive
666 1082 741 1120 sint
758 1081 796 1127 ii,
816 1083 881 1132 qui
903 1081 1126 1120 AEschinem
1152 1080 1277 1118 solum
1297 1080 1531 1131 descriptum
1550 1079 1619 1118 ha·

155 1142 264 1179 bent.
318 1143 365 1179 In
386 1155 462 1193 qua
479 1142 623 1180 familia
650 1142 792 1193 primus
821 1142 1026 1181 memorari
1046 1142 1164 1179 debet
1183 1141 1312 1179 codex
1332 1141 1414 1179 Viri
1432 1148 1620 1193 praestan-

157 1202 291 1241 tissimi
318 1211 358 1241 et
378 1216 400 1242 a
420 1216 481 1241 me
508 1204 672 1242 multum
700 1203 856 1242 colendi
884 1204 935 1242 R.
956 1204 1073 1241 Meas]
1093 1202 1302 1241 Archiatri.
1371 1203 1420 1240 In
1447 1216 1495 1243 eo
1527 1216 1618 1242 exa-

157 1271 292 1303 rantur
309 1272 387 1304 tres
407 1269 489 1314 ejus
509 1266 715 1312 orationes,
743 1279 830 1303 cum
858 1265 1026 1317 epistolis
1055 1263 1256 1310 duodenis,
1287 1264 1463 1303 nimirum
1489 1278 1617 1313 omne,

155 1326 261 1378 quod
281 1327 330 1365 de
355 1327 429 1365 isto
456 1327 611 1366 homine
641 1327 691 1365 ad
719 1341 789 1366 nos
822 1327 1008 1379 pervenit.
1066 1326 1206 1365 Codex
1241 1326 1453 1365 doctissimi
1480 1327 1550 1364 viri
1580 1327 1620 1367 I.

156 1388 310 1435 Loclcer,
330 1388 604 1436 Londinensis‚
624 1389 837 1428 orationem
856 1396 993 1428 contra
1012 1387 1261 1426 Timarchum
1292 1394 1331 1426 et
1361 1387 1620 1440 Olynthiacas

158 1451 254 1489 duas
268 1451 400 1498 habet,
418 1457 457 1489 et
476 1459 534 1490 est
554 1451 665 1489 bonae
683 1451 806 1502 frugis
820 1451 971 1503 plenus.
1027 1449 1240 1488 Plurimum
1261 1450 1376 1488 etiam
1394 1464 1457 1488 me
1473 1451 1619 1489 debere

158 1512 342 1565 profiteor
361 1513 496 1564 gratiae
525 1520 564 1551 et
591 1512 818 1551 humanitati
847 1511 990 1551 domini
1019 1512 1197 1550 Richardz'
1225 1512 1357 1559 Ellisii,
1378 1520 1442 1551 τοῦ
1460 1518 1620 1565 μακαρί-

160 1591 237 1621 του,
259 1574 306 1613 de
325 1575 443 1613 literis
461 1575 565 1626 ipsis,
594 1575 730 1627 iisque,
761 1575 828 1627 qui
855 1574 974 1613 literis
1003 1574 1114 1613 bonis
1144 1575 1302 1626 operam
1332 1582 1490 1621 navant,
1518 1576 1622 1615 bene

160 1637 299 1676 meriti.
357 1637 488 1687 Hujus
508 1637 610 1675 enim
628 1637 753 1688 gratia
771 1637 929 1676 excussi
947 1636 1040 1674 mihi
1059 1643 1150 1674 sunt
1171 1636 1297 1674 Codd.
1318 1636 1567 1684 Parisienses,
1585 1638 1627 1676 in

159 1699 297 1752 quibus
311 1699 514 1737 AEschines
533 1699 595 1736 ille
612 1698 855 1746 describitur,
870 1698 988 1737 veluti
1003 1698 1257 1738 Coislinianus
1278 1711 1383 1737 num.
1399 1699 1624 1739 CCXLIX.

159 1762 491 1806 membranaceus,
514 1760 653 1799 decimi
673 1761 788 1812 plane
810 1761 958 1800 seculi:
988 1773 1037 1799 ex
1067 1759 1195 1810 Regia
1223 1759 1458 1799 bibliotheca
1488 1761 1626 1800 itidem

161 1825 303 1876 plures,
336 1836 391 1862 sc.
418 1836 592 1869 numero,
623 1824 742 1864 2778.
769 1824 889 1865 2775.
920 1824 1038 1864 3273.
1069 1824 1187 1864 3279.
1254 1822 1412 1861 Deinde
1443 1829 1626 1875 excerpta

160 1886 337 1938 quaedam
352 1898 400 1923 ex
414 1885 544 1924 MStis
564 1885 716 1937 ignotis,
733 1899 821 1937 quae
838 1885 877 1923 in
892 1884 1079 1924 AEschine
1099 1883 1393 1936 suppeditarunt
1412 1897 1490 1923 orae
1509 1885 1625 1925 libro-

160 1961 246 1985 rum
270 1947 331 1985 vel
360 1948 454 1985 Edv.
481 1948 666 1985 Bernardi
692 1947 731 1984 in
757 1947 860 1987 Bibl.
882 1946 994 1985 Bodl.
1022 1945 1150 1985 Oxon.
1171 1945 1233 1984 vel
1258 1945 1295 1984 Ι.
1316 1945 1420 1984 Mori
1439 1946 1623 2000 Episcopi

163 2009 329 2048 Eliensis
347 2008 387 2047 in
407 2009 536 2060 Regia
555 2008 877 2060 Cantabrigiensi.

218 2137 351 2187 Harl]
380 2137 520 2176 Codex
540 2136 776 2176 Harleianus
802 2136 1030 2175 adservatur
1057 2134 1097 2172 in
1124 2134 1362 2173 bibliotheca
1385 2134 1530 2174 Illustr.
1555 2133 1628 2173 viri

165 2200 260 2238 Edv.
287 2211 410 2250 nuper
433 2198 583 2237 Comitis
615 2199 837 2244 Oxom'ensis,
865 2197 943 2250 qui,
972 2209 1060 2236 cum
1083 2196 1244 2243 viveret,
1272 2209 1336 2234 me
1363 2195 1530 2235 amicitia
1556 2209 1628 2236 sua

164 2261 368 2312 multisque
389 2260 503 2299 animi
522 2259 703 2299 benevoli
717 2259 956 2311 argumentis
973 2265 1127 2297 auctum
1147 2271 1230 2296 esse
1241 2257 1373 2296 voluit.
1412 2257 1628 2308 Eleganter

162 2323 317 2375 quidem
337 2323 513 2374 scriptus,
530 2323 708 2374 antiquus
728 2330 767 2361 et
781 2323 896 2361 bonae
912 2320 1063 2359 indolis.
1111 2320 1227 2359 Ultra
1245 2319 1435 2358 orationes
1454 2320 1627 2371 publicas

163 2391 269 2436 (sunt
287 2393 417 2424 autem
436 2385 510 2423 illae
525 2393 667 2437 praeter
681 2384 913 2436 Philippicas
934 2390 1010 2422 etc.
1026 2382 1219 2421 orationes
1234 2382 1403 2420 AEschini
1423 2382 1628 2433 oppositas)

164 2463 243 2487 non
271 2448 540 2500 progreditur:
571 2448 624 2485 Et
643 2460 690 2485 eo
709 2459 801 2485 sane
830 2445 994 2484 termino
1022 2444 1206 2496 plurimos
1227 2443 1352 2483 Codd.
1369 2443 1510 2481 MStos
1531 2458 1627 2483 con-

166 2510 271 2550 cludi
301 2510 417 2548 sensi.
485 2509 605 2547 Liber
631 2509 696 2547 ille
716 2508 912 2560 quondam
941 2507 992 2545 ad
1020 2506 1241 2545 Ecclesiam
1266 2506 1559 2557 Ripponensem
1587 2506 1625 2543 in

164 2587 259 2625 agro
280 2572 516 2611 Eboracensi
537 2573 752 2623 spectabat.

224 2692 366 2732 Codex
399 2692 525 2730 Iacobi
551 2692 694 2729 Ham-is
726 2688 1031 2735 Sarisberiensis,
1060 2687 1264 2739 Armigeri‚
1284 2689 1366 2726 Viri
1395 2702 1474 2727 non
1503 2689 1626 2726 solum

166 2755 362 2793 literarum
383 2753 590 2805 elegantia,
605 2767 737 2792 verum
757 2753 860 2791 omni
879 2764 1025 2803 genere
1043 2749 1168 2789 laudis
1187 2750 1502 2802 praestantissimi.
1532 2750 1626 2787 Per-

167 2816 314 2855 tinebat
345 2817 433 2855 olim
463 2816 514 2854 ad
534 2817 661 2856 Eman.
681 2808 902 2853 'Illartz'num
922 2815 1126 2852 Decanum
1148 2813 1400 2859 Alonensem,
1429 2813 1538 2862 cujus
1559 2810 1625 2847 de-

170 2879 378 2929 scriptione
411 2886 510 2924 utor,
544 2886 669 2916 sumta
702 2891 750 2916 ex
783 2879 865 2928 ejus
899 2877 1069 2928 epistolis
1094 2876 1248 2915 VI.12.
1306 2880 1330 2899 ‘⁶
1352 2874 1477 2914 Codd.
1510 2884 1625 2923 porro

172 2953 286 2979 manu
313 2949 494 2980 exaratos
513 2948 647 2980 nactus
676 2953 760 2978 sum
788 2939 1102 2991 aliquot—Alter
1129 2937 1387 2989 antiquiorum
1409 2934 1626 2974 Rhetoru'm
