1824 3171
598 198 672 236 AD
703 194 1169 235 DEMOSTHENEM.
1555 192 1616 230 cix

216 305 430 358 Philippica
448 301 610 347 decima,
636 301 752 351 vulgo
770 299 900 344 tertia,
928 300 1083 336 πολλῶν
1111 295 1138 335 ὦ
1168 295 1311 347 ἄνέρες.
1342 303 1614 344 argumentum

165 369 255 409 edit.
278 367 442 417 Dionys.
463 363 513 402 ad
535 364 765 401 Ammaeum.
785 362 916 400 Vales.
936 375 972 411 p.
995 363 1059 399 99.
1084 361 1174 398 101.
1194 360 1282 396 125.
1307 359 1395 393 160.

217 427 431 478 Philippica
450 425 667 469 undecima,
691 422 805 461 hodie
825 429 974 474 quarta.
996 423 1052 458 καὶ
1073 419 1258 458 σπουδαῖα
1285 424 1360 455 etc.
1392 417 1490 466 Arg.
1512 417 1617 466 apud

163 492 324 541 Dionys.
346 488 396 526 ad
415 488 539 525 Amm.
560 485 692 524 Vales.
713 498 752 535 p.
773 487 838 524 99.
861 487 949 523 133.

215 549 431 601 Philippica
447 547 678 587 duodecima
697 553 736 584 et
755 545 900 591 ultima,
919 546 1036 595 juxta
1056 542 1220 593 Dionys.
1243 539 1373 578 Halic.
1392 539 1528 577 eadem
1544 544 1616 583 est,

160 625 246 664 quae
257 611 374 662 vulgo
392 609 611 649 inscribitur
626 608 673 647 ad
690 607 856 659 Philippi
875 607 1090 658 epistolam.
1112 603 1201 643 ’Ότι
1215 604 1286 654 μὲν
1303 599 1330 639 ὦ
1347 601 1489 651 ἄνδρες,
1512 600 1618 638 Idem

162 674 242 712 edit
269 680 488 724 argument.

214 735 278 773 De
295 735 415 781 Pace,
437 733 627 785 Dionysio
649 731 866 783 Philippica
885 738 1008 769 sexta.
1031 741 1148 781 quem
1166 727 1270 765 vide.
1293 726 1405 763 Phot.
1423 724 1509 764 cod.
1526 726 1620 764 265.

163 796 390 835 Tertullian.
417 796 464 834 de
487 795 630 833 Anima
658 807 694 834 c.
724 797 789 833 45.
829 793 1009 831 Stobaeus
1031 792 1155 830 Serm.
1186 792 1251 828 96.
1283 788 1395 826 Paul.
1424 785 1620 837 Leopard.

162 858 330 898 Miscell.
351 862 388 898 3.
421 862 482 897 15.
514 860 577 897 16.
621 856 827 895 Emendat.
849 860 887 896 9.
917 858 980 894 15.
1038 853 1165 891 Rufus
1194 849 1299 903 apud
1328 849 1487 887 Gruter.
1517 848 1565 886 T.
1587 848 1621 886 I.

161 934 200 972 p.
219 922 311 961 573.
340 919 488 958 Victor.
518 918 569 956 V.
589 918 638 956 L.
666 932 706 970 p.
733 920 827 957 229.
857 917 988 955 Vales.
1016 918 1083 954 48.
1113 916 1204 952 104.
1235 910 1381 950 Habita
1411 908 1560 948 CVIII.
1583 911 1622 947 2.

165 981 398 1032 Wesseling.
424 981 475 1018 ad
502 979 666 1018 Diodor.
687 980 743 1018 II.
767 982 857 1019 129.
897 976 1012 1016 Wolf
1035 976 1085 1014 ad
1115 988 1172 1014 or.
1200 991 1241 1012 π.
1268 989 1432 1024 παραπρ.
1461 974 1551 1011 152.
1583 974 1623 1010 9.

166 1043 297 1081 Princ.
319 1045 387 1092 ὁρῶ
409 1044 479 1094 μὲν
500 1049 577 1080 etc.
607 1042 783 1080 Dorville
803 1041 855 1079 ad
876 1039 1022 1079 Charit.
1043 1053 1082 1090 p.
1103 1041 1193 1076 338.

218 1105 282 1142 De
300 1104 513 1149 Haloneso,
536 1103 751 1154 Philippica
770 1103 935 1155 septima
950 1104 1065 1152 juxta
1085 1100 1242 1151 Ulpian.
1263 1111 1352 1136 cum
1372 1096 1455 1135 aliis
1474 1102 1625 1134 octava.

166 1165 330 1203 Rectius
357 1165 574 1203 inscribitur
602 1165 691 1216 πρὸς
710 1168 777 1211 τὴν
797 1165 996 1209 ἐπιστολὴν
1016 1166 1083 1208 τὴν
1103 1164 1297 1214 φιλίππου.
1337 1160 1487 1196 Auctor
1514 1171 1628 1208 argu-

164 1227 296 1274 menti,
328 1226 547 1265 Νοὲεύεται.
581 1226 634 1264 ib.
666 1226 887 1278 Hegesippi
921 1231 980 1264 est
1009 1224 1151 1262 Liban.
1185 1221 1300 1260 Phot.
1329 1220 1431 1258 Bibl.
1462 1234 1501 1271 p.
1533 1223 1625 1258 880.

166 1289 295 1341 Etym.
314 1289 373 1327 M.
389 1288 494 1327 Suid.
515 1289 641 1327 Faber
661 1289 712 1327 ad
726 1289 895 1340 Longin.
916 1302 954 1339 p.
969 1289 1060 1326 202.
1078 1285 1142 1324 ed.
1163 1283 1291 1322 Tollii.
1308 1283 1358 1325 Q.
1379 1281 1527 1320 Athen.
1549 1282 1626 1321 AI.

166 1365 203 1403 p.
223 1354 316 1390 223.
360 1352 645 1402 Hermogenes.
667 1351 816 1389 Phrase
842 1350 921 1388 and.
942 1347 1221 1388 Construction
1248 1353 1317 1383 not
1335 1344 1541 1383 Demosth.
1563 1344 1630 1381 Li-

165 1414 253 1452 ban.
279 1414 318 1450 in
347 1426 495 1464 argum.
551 1413 666 1464 Εἰ’περ
686 1413 788 1463 ὑμεῖς
805 1413 868 1451 τὸν
888 1412 1102 1463 ἐγκέφαλον
1122 1411 1161 1448 ἐν
1179 1414 1256 1451 τοῖς
1276 1407 1473 1459 κροτάφοις
1489 1409 1548 1444 καὶ
1568 1408 1631 1444 οὐκ

167 1477 208 1513 ἐν
227 1481 309 1519 ταῖς
329 1477 505 1525 πτέρναις
530 1476 888 1524 καταπεπατημένον
904 1477 1059 1525 φορεῖτε.
1102 1469 1362 1509 Condemned.
1383 1468 1490 1507 Suid.
1510 1477 1630 1521 πεφω-

165 1537 299 1589 ράκασι
321 1535 496 1587 (antiqui)
516 1548 594 1572 non
625 1547 709 1572 esse
739 1535 857 1572 Dem.
888 1541 928 1572 et
959 1534 1008 1571 ab
1028 1533 1118 1571 idea
1145 1539 1243 1570 orat.
1265 1537 1305 1568 et
1333 1543 1356 1568 a
1382 1529 1508 1569 factis.
1565 1530 1632 1568 Ait

171 1605 307 1637 auctor
329 1611 372 1636 se
393 1597 612 1648 Callippum
639 1598 873 1647 παρανόμων
896 1608 1114 1633 accusasse.
1171 1593 1220 1631 Id
1251 1599 1383 1630 autem
1411 1591 1518 1638 fecit,
1550 1605 1630 1630 non

170 1661 288 1698 Dem.
301 1660 371 1698 sed
387 1658 655 1710 HegesippuS.
692 1658 889 1707 objectio,
911 1657 982 1696 sed
1001 1657 1063 1695 hic
1079 1661 1239 1708 apparet
1253 1655 1292 1693 τὸ
1312 1655 1440 1693 δοῦναι
1460 1656 1519 1692 καὶ
1539 1657 1634 1694 άπο-

170 1721 312 1767 δοῦναι,
334 1721 436 1772 quod
456 1720 658 1758 AEschines
687 1719 945 1758 Demostheni
974 1718 1128 1768 objecit.
1171 1718 1293 1769 Resp.
1315 1718 1358 1765 1)
1382 1717 1484 1755 idem
1513 1717 1635 1768 potuit

166 1782 304 1821 fecisse
321 1782 574 1833 Hegesippus
595 1789 636 1820 et
655 1782 773 1821 Dem.
812 1784 853 1831 2)
883 1782 936 1819 Et
954 1780 1163 1819 Demosth.
1184 1788 1249 1826 τῆς
1271 1781 1385 1825 αὐτῆς
1406 1780 1446 1817 ἐν
1460 1782 1634 1832 πολιτείᾳ

169 1848 429 1896 προαιρέσεως.
459 1845 591 1882 Ambo
612 1850 747 1882 contra
765 1846 1066 1896 φιλιππίζοντας.
1097 1841 1234 1881 Petav.
1257 1842 1308 1880 ad
1326 1841 1471 1880 Julian.
1485 1856 1522 1893 p.
1541 1844 1631 1882 121.

169 1906 233 1944 ed.
254 1906 322 1944 fol.
380 1906 633 1957 Hegesippus
662 1913 922 1957 cognomento
942 1906 1150 1957 Crobylus.
1206 1903 1270 1942 Ita
1289 1903 1427 1942 Liban.
1455 1904 1632 1953 Phofius,

171 1968 392 2020 Etymolog.
415 1967 612 2006 Timarchi
632 1967 777 2006 amicus
796 1966 880 2006 fuit.
908 1981 944 2006 v.
966 1968 1098 2006 AEsch.
1119 1973 1254 2005 contra
1270 1966 1464 2004 Timarch.
1497 1966 1634 2006 Suidas

171 2037 211 2067 et
230 2029 360 2081 Etym.
382 2029 489 2068 aiunt
507 2029 761 2081 Philippicam
780 2030 984 2082 septimam
1004 2043 1089 2069 esse
1110 2028 1345 2080 Hegesippi,
1367 2028 1406 2066 in
1427 2028 1500 2067 hac
1519 2043 1632 2077 voce,

170 2091 270 2129 forte
295 2092 500 2130 voluerunt
523 2099 712 2131 octavam.
742 2106 833 2131 nam
861 2106 950 2131 cum
970 2093 1140 2144 Ulpiano
1161 2099 1220 2130 est
1239 2091 1415 2142 septima,
1438 2105 1527 2129 cum
1548 2092 1632 2130 aliis

170 2161 319 2192 octava.

226 2216 377 2268 [Vacat
406 2216 577 2268 titulus]
626 2217 776 2255 Habita
808 2217 965 2269 Olymp.
1003 2220 1092 2256 109.
1126 2218 1166 2254 2.
1196 2222 1359 2267 praetore
1394 2215 1632 2268 Pythodoto.

171 2275 286 2315 Phot.
316 2278 404 2316 cod.
434 2281 528 2319 265.
564 2278 714 2316 Meurs.
744 2278 792 2316 L.
814 2278 861 2315 A.
883 2281 920 2316 3.
941 2281 979 2317 5.
1037 2277 1225 2315 Brodaeus
1246 2277 1364 2315 Misc.
1393 2280 1431 2316 6.
1463 2282 1500 2317 9.
1531 2278 1634 2317 Leo-

168 2340 279 2391 pard.
309 2341 476 2380 Emend.
504 2344 566 2380 12.
586 2343 625 2382 7.
653 2340 801 2379 Luisin.
827 2341 986 2392 Parerg.
1008 2344 1045 2379 1.
1066 2343 1105 2380 5.
1126 2343 1166 2378 2.
1186 2343 1224 2378 8.
1255 2340 1437 2379 Eustath.
1465 2341 1513 2379 T.
1537 2341 1568 2379 I.
1592 2355 1631 2392 p.

171 2405 237 2441 56.
253 2403 316 2441 ed..
330 2403 445 2442 Rom.
467 2403 714 2442 Valckenaer
728 2404 911 2441 Ammon.
931 2417 969 2455 p.
984 2405 1075 2442 201.
1100 2401 1278 2440 Eustath.
1293 2402 1354 2440 ed.
1370 2402 1474 2440 Flor.
1489 2417 1530 2454 p.
1546 2406 1636 2442 128.

174 2463 222 2503 T.
242 2464 274 2502 I.
294 2478 334 2515 p.
357 2468 445 2504 118.
463 2473 542 2504 not.
562 2466 612 2504 ad
626 2466 701 2504 loc.
717 2480 755 2518 p.
775 2468 870 2505 695.
888 2472 969 2504 not.
987 2469 1080 2505 933.
1104 2464 1238 2502 Vales.
1259 2466 1324 2506 87.
1340 2467 1406 2504 58.
1437 2466 1634 2517 Harpocr.

175 2525 436 2578 Ἀλεξάνδρους.
467 2527 658 2579 Hermog.
680 2527 741 2566 ed.
764 2528 888 2578 Crisp.
908 2541 947 2578 p.
971 2531 1059 2566 140.
1082 2530 1174 2566 250.
1196 2529 1289 2566 252.

228 2587 293 2625 De
315 2588 599 2629 Cherrhoneso.
629 2589 727 2628 Phil.
749 2590 822 2627 IX.
841 2590 886 2627 P.
915 2589 1111 2640 Leopard.
1134 2588 1301 2626 Emend.
1326 2592 1387 2627 11.
1409 2591 1447 2626 2.
1479 2589 1636 2627 Canter.

176 2648 227 2686 V.
246 2648 294 2686 L.
310 2652 347 2688 8.
364 2653 402 2689 2.
443 2651 572 2690 Vales.
592 2665 631 2702 p.
652 2654 717 2691 52.
739 2654 804 2691 54.
828 2655 916 2690 104.
938 2654 1030 2689 111.
1059 2653 1149 2690 125.
1173 2653 1263 2690 156.
1287 2654 1376 2690 160.
1398 2643 1486 2692 177.
1532 2651 1637 2689 Her-

178 2724 334 2763 mogen.
358 2726 396 2764 p.
426 2716 518 2752 234.
547 2716 640 2754 253.
673 2717 765 2753 333.
791 2717 883 2753 346.
913 2714 1005 2754 347.
1035 2716 1128 2751 411.
1159 2716 1253 2752 448.
1285 2713 1382 2763 Arg.
1412 2725 1455 2749 01·
1476 2712 1637 2761 Subject

178 2773 297 2813 Dion.
318 2774 367 2812 ad
387 2775 615 2815 Ammaeum.
660 2776 725 2815 Pr.
745 2776 815 2814 ἔδει
833 2777 906 2828 μὲν
926 2776 1003 2814 Pro
1023 2775 1212 2827 Diopithe
1231 2789 1267 2812 v.
1301 2776 1463 2826 Argum.
1485 2781 1580 2812 orat.
1600 2789 1636 2813 v.

181 2835 296 2873 etiam
324 2836 452 2876 Schol.
480 2838 531 2876 ad
559 2838 726 2890 Philipp.
758 2838 829 2877 IV.
857 2838 930 2876 bis.
957 2838 1132 2876 Dorville
1164 2838 1214 2876 ad
1245 2837 1445 2876 Chariton.
1473 2849 1512 2887 p.
1542 2838 1635 2874 405.

181 2894 311 2936 Vales.
332 2899 381 2937 ad
401 2899 590 2952 Excerpt.
610 2900 748 2952 Polyb.
768 2914 807 2952 p.
826 2901 865 2941 7.
886 2907 965 2939 not.

238 2959 304 2998 Ad
318 2959 484 3012 Philippi
505 2962 731 3013 Epistolam.
753 2961 904 3001 Meurs.
924 2961 973 3001 L.
998 2961 1043 3001 A.
1061 2967 1097 3002 3.
1113 2965 1150 3002 6.
1184 2962 1238 3000 H.
1263 2959 1398 3010 Steph.
1417 2958 1490 2996 Th.
1512 2958 1559 2995 L.
1582 2959 1634 2996 G.
