<?xml version="1.0" encoding="UTF-8"?>
<!DOCTYPE html PUBLIC "-//W3C//DTD XHTML 1.0 Transitional//EN"
    "http://www.w3.org/TR/xhtml1/DTD/xhtml1-transitional.dtd">
<html xmlns="http://www.w3.org/1999/xhtml" xml:lang="en" lang="en">
 <head>
  <title>
</title>
<meta http-equiv="Content-Type" content="text/html;charset=utf-8" />
  <meta name='ocr-system' content='tesseract 3.04.00' />
  <meta name='ocr-capabilities' content='ocr_page ocr_carea ocr_par ocr_line ocrx_word'/>
</head>
<body>
  <div class='ocr_page' id='page_1' title='image "./oratoresatticie05dobs_0202.png"; bbox 0 0 1824 3171; ppageno 0'>
   <div class='ocr_carea' id='block_1_1' title="bbox 217 174 1209 213">
    <p class='ocr_par' dir='ltr' id='par_1_1' title="bbox 217 174 1209 213">
     <span class='ocr_line' id='line_1_1' title="bbox 217 174 1209 213; baseline 0.002 -2"><span class='ocrx_word' id='word_1_1' title='bbox 217 174 311 212; x_wconf 85' lang='lat' dir='ltr'>cxcii</span> <span class='ocrx_word' id='word_1_2' title='bbox 670 174 879 213; x_wconf 78' lang='lat' dir='ltr'>REISKII</span> <span class='ocrx_word' id='word_1_3' title='bbox 910 174 1209 213; x_wconf 80' lang='lat' dir='ltr'><strong>PRAEFATIO</strong></span> 
     </span>
    </p>
   </div>
   <div class='ocr_carea' id='block_1_2' title="bbox 200 274 1661 1851">
    <p class='ocr_par' dir='ltr' id='par_1_2' title="bbox 200 274 1661 1851">
     <span class='ocr_line' id='line_1_2' title="bbox 215 274 1659 328; baseline 0.001 -16"><span class='ocrx_word' id='word_1_4' title='bbox 215 274 434 314; x_wconf 81' lang='lat' dir='ltr'>vetustiora</span> <span class='ocrx_word' id='word_1_5' title='bbox 462 277 567 314; x_wconf 87' lang='lat' dir='ltr'>initio</span> <span class='ocrx_word' id='word_1_6' title='bbox 596 290 778 328; x_wconf 82' lang='lat' dir='ltr'><strong>perquam</strong></span> <span class='ocrx_word' id='word_1_7' title='bbox 805 278 960 328; x_wconf 86' lang='lat' dir='ltr'>copiosa</span> <span class='ocrx_word' id='word_1_8' title='bbox 989 285 1089 321; x_wconf 84' lang='lat' dir='ltr'>sunt,</span> <span class='ocrx_word' id='word_1_9' title='bbox 1123 277 1192 314; x_wconf 86' lang='lat' dir='ltr'>sed</span> <span class='ocrx_word' id='word_1_10' title='bbox 1224 289 1300 327; x_wconf 84' lang='lat' dir='ltr'>quo</span> <span class='ocrx_word' id='word_1_11' title='bbox 1333 274 1454 325; x_wconf 85' lang='lat' dir='ltr'>magis</span> <span class='ocrx_word' id='word_1_12' title='bbox 1484 275 1659 326; x_wconf 87' lang='lat' dir='ltr'><strong>procedit</strong></span> 
     </span>
     <span class='ocr_line' id='line_1_3' title="bbox 216 336 1661 389; baseline 0 -15"><span class='ocrx_word' id='word_1_13' title='bbox 216 350 325 387; x_wconf 85' lang='lat' dir='ltr'>opus,</span> <span class='ocrx_word' id='word_1_14' title='bbox 347 337 422 376; x_wconf 87' lang='lat' dir='ltr'>hoc</span> <span class='ocrx_word' id='word_1_15' title='bbox 442 339 562 389; x_wconf 82' lang='lat' dir='ltr'>magis</span> <span class='ocrx_word' id='word_1_16' title='bbox 582 339 829 376; x_wconf 71' lang='lat' dir='ltr'>decrescunt,</span> <span class='ocrx_word' id='word_1_17' title='bbox 898 339 945 374; x_wconf 92' lang='lat' dir='ltr'>In</span> <span class='ocrx_word' id='word_1_18' title='bbox 977 345 1167 376; x_wconf 83' lang='lat' dir='ltr'>extremas</span> <span class='ocrx_word' id='word_1_19' title='bbox 1198 338 1390 375; x_wconf 85' lang='lat' dir='ltr'>orationes</span> <span class='ocrx_word' id='word_1_20' title='bbox 1419 336 1467 373; x_wconf 83' lang='lat' dir='ltr'>ad</span> <span class='ocrx_word' id='word_1_21' title='bbox 1494 337 1661 387; x_wconf 84' lang='lat' dir='ltr'>privatas</span> 
     </span>
     <span class='ocr_line' id='line_1_4' title="bbox 214 397 1658 449; baseline -0.001 -14"><span class='ocrx_word' id='word_1_22' title='bbox 214 410 348 436; x_wconf 87' lang='lat' dir='ltr'>causas</span> <span class='ocrx_word' id='word_1_23' title='bbox 368 399 614 449; x_wconf 86' lang='lat' dir='ltr'>pertinentes,</span> <span class='ocrx_word' id='word_1_24' title='bbox 636 412 746 449; x_wconf 85' lang='lat' dir='ltr'>paene</span> <span class='ocrx_word' id='word_1_25' title='bbox 765 399 870 436; x_wconf 87' lang='lat' dir='ltr'>nulla</span> <span class='ocrx_word' id='word_1_26' title='bbox 885 406 985 444; x_wconf 89' lang='lat' dir='ltr'>sunt,</span> <span class='ocrx_word' id='word_1_27' title='bbox 1007 405 1046 436; x_wconf 88' lang='lat' dir='ltr'>et</span> <span class='ocrx_word' id='word_1_28' title='bbox 1060 412 1146 449; x_wconf 81' lang='lat' dir='ltr'>quae</span> <span class='ocrx_word' id='word_1_29' title='bbox 1166 406 1265 443; x_wconf 86' lang='lat' dir='ltr'>sunt,</span> <span class='ocrx_word' id='word_1_30' title='bbox 1282 411 1331 436; x_wconf 81' lang='lat' dir='ltr'>ex</span> <span class='ocrx_word' id='word_1_31' title='bbox 1351 397 1658 448; x_wconf 83' lang='lat' dir='ltr'>Harpocratione</span> 
     </span>
     <span class='ocr_line' id='line_1_5' title="bbox 213 458 1658 510; baseline 0.001 -15"><span class='ocrx_word' id='word_1_32' title='bbox 213 465 302 495; x_wconf 88' lang='lat' dir='ltr'>sunt</span> <span class='ocrx_word' id='word_1_33' title='bbox 330 460 525 510; x_wconf 85' lang='lat' dir='ltr'>decerpta.</span> <span class='ocrx_word' id='word_1_34' title='bbox 581 460 627 495; x_wconf 91' lang='lat' dir='ltr'>In</span> <span class='ocrx_word' id='word_1_35' title='bbox 654 459 906 510; x_wconf 88' lang='lat' dir='ltr'>Olynthiacas</span> <span class='ocrx_word' id='word_1_36' title='bbox 933 466 1075 504; x_wconf 87' lang='lat' dir='ltr'>autem,</span> <span class='ocrx_word' id='word_1_37' title='bbox 1106 459 1346 509; x_wconf 77' lang='lat' dir='ltr'>Philippicas,</span> <span class='ocrx_word' id='word_1_38' title='bbox 1379 458 1578 502; x_wconf 86' lang='lat' dir='ltr'>suasorias,</span> <span class='ocrx_word' id='word_1_39' title='bbox 1608 458 1658 496; x_wconf 89' lang='lat' dir='ltr'>de</span> 
     </span>
     <span class='ocr_line' id='line_1_6' title="bbox 212 518 1657 570; baseline 0 -14"><span class='ocrx_word' id='word_1_40' title='bbox 212 531 366 564; x_wconf 86' lang='lat' dir='ltr'>corona,</span> <span class='ocrx_word' id='word_1_41' title='bbox 386 527 424 556; x_wconf 87' lang='lat' dir='ltr'>et</span> <span class='ocrx_word' id='word_1_42' title='bbox 442 520 491 556; x_wconf 91' lang='lat' dir='ltr'>de</span> <span class='ocrx_word' id='word_1_43' title='bbox 515 519 611 557; x_wconf 83' lang='lat' dir='ltr'>falsa</span> <span class='ocrx_word' id='word_1_44' title='bbox 639 520 845 570; x_wconf 84' lang='lat' dir='ltr'>legatione,</span> <span class='ocrx_word' id='word_1_45' title='bbox 879 520 1091 570; x_wconf 86' lang='lat' dir='ltr'>copiosiora</span> <span class='ocrx_word' id='word_1_46' title='bbox 1121 527 1231 563; x_wconf 90' lang='lat' dir='ltr'>sunt;</span> <span class='ocrx_word' id='word_1_47' title='bbox 1260 519 1380 556; x_wconf 88' lang='lat' dir='ltr'>multa</span> <span class='ocrx_word' id='word_1_48' title='bbox 1404 518 1548 556; x_wconf 85' lang='lat' dir='ltr'>habent</span> <span class='ocrx_word' id='word_1_49' title='bbox 1576 519 1657 556; x_wconf 86' lang='lat' dir='ltr'>ine-</span> 
     </span>
     <span class='ocr_line' id='line_1_7' title="bbox 212 579 1656 630; baseline -0.001 -13"><span class='ocrx_word' id='word_1_50' title='bbox 212 579 304 624; x_wconf 82' lang='lat' dir='ltr'>dita,</span> <span class='ocrx_word' id='word_1_51' title='bbox 324 579 362 616; x_wconf 90' lang='lat' dir='ltr'>in</span> <span class='ocrx_word' id='word_1_52' title='bbox 387 579 470 630; x_wconf 86' lang='lat' dir='ltr'>ipsa</span> <span class='ocrx_word' id='word_1_53' title='bbox 494 579 661 617; x_wconf 87' lang='lat' dir='ltr'>editione</span> <span class='ocrx_word' id='word_1_54' title='bbox 678 580 850 617; x_wconf 90' lang='lat' dir='ltr'>Parisina</span> <span class='ocrx_word' id='word_1_55' title='bbox 865 580 1093 625; x_wconf 82' lang='lat' dir='ltr'>deficientia,</span> <span class='ocrx_word' id='word_1_56' title='bbox 1113 593 1198 630; x_wconf 87' lang='lat' dir='ltr'>quae</span> <span class='ocrx_word' id='word_1_57' title='bbox 1218 579 1364 616; x_wconf 87' lang='lat' dir='ltr'>scholia</span> <span class='ocrx_word' id='word_1_58' title='bbox 1383 579 1501 615; x_wconf 89' lang='lat' dir='ltr'>habet</span> <span class='ocrx_word' id='word_1_59' title='bbox 1521 579 1656 616; x_wconf 87' lang='lat' dir='ltr'>editio-</span> 
     </span>
     <span class='ocr_line' id='line_1_8' title="bbox 210 638 1657 691; baseline 0.001 -15"><span class='ocrx_word' id='word_1_60' title='bbox 210 652 300 676; x_wconf 88' lang='lat' dir='ltr'>num</span> <span class='ocrx_word' id='word_1_61' title='bbox 321 640 490 678; x_wconf 87' lang='lat' dir='ltr'>omnium</span> <span class='ocrx_word' id='word_1_62' title='bbox 509 640 821 691; x_wconf 88' lang='lat' dir='ltr'>locupletissima.</span> <span class='ocrx_word' id='word_1_63' title='bbox 841 654 926 691; x_wconf 88' lang='lat' dir='ltr'>quae</span> <span class='ocrx_word' id='word_1_64' title='bbox 946 641 1155 678; x_wconf 86' lang='lat' dir='ltr'>Bavaricus</span> <span class='ocrx_word' id='word_1_65' title='bbox 1174 640 1291 677; x_wconf 86' lang='lat' dir='ltr'>habet</span> <span class='ocrx_word' id='word_1_66' title='bbox 1309 638 1413 675; x_wconf 89' lang='lat' dir='ltr'>edita</span> <span class='ocrx_word' id='word_1_67' title='bbox 1431 638 1589 684; x_wconf 87' lang='lat' dir='ltr'>scholia,</span> <span class='ocrx_word' id='word_1_68' title='bbox 1610 652 1657 677; x_wconf 89' lang='lat' dir='ltr'>ea</span> 
     </span>
     <span class='ocr_line' id='line_1_9' title="bbox 210 699 1655 752; baseline 0.001 -16"><span class='ocrx_word' id='word_1_69' title='bbox 210 700 330 737; x_wconf 89' lang='lat' dir='ltr'>multo</span> <span class='ocrx_word' id='word_1_70' title='bbox 351 699 412 738; x_wconf 91' lang='lat' dir='ltr'>hic</span> <span class='ocrx_word' id='word_1_71' title='bbox 441 701 623 751; x_wconf 84' lang='lat' dir='ltr'>leguntur</span> <span class='ocrx_word' id='word_1_72' title='bbox 651 702 920 748; x_wconf 85' lang='lat' dir='ltr'>emendatiora,</span> <span class='ocrx_word' id='word_1_73' title='bbox 952 715 1067 752; x_wconf 88' lang='lat' dir='ltr'>quam</span> <span class='ocrx_word' id='word_1_74' title='bbox 1098 701 1213 751; x_wconf 86' lang='lat' dir='ltr'>vulgo</span> <span class='ocrx_word' id='word_1_75' title='bbox 1247 700 1284 737; x_wconf 90' lang='lat' dir='ltr'>in</span> <span class='ocrx_word' id='word_1_76' title='bbox 1317 699 1422 737; x_wconf 88' lang='lat' dir='ltr'>libris</span> <span class='ocrx_word' id='word_1_77' title='bbox 1449 699 1655 749; x_wconf 87' lang='lat' dir='ltr'>impressis.</span> 
     </span>
     <span class='ocr_line' id='line_1_10' title="bbox 212 760 1655 814; baseline 0 -17"><span class='ocrx_word' id='word_1_78' title='bbox 212 760 368 798; x_wconf 87' lang='lat' dir='ltr'>Scholia</span> <span class='ocrx_word' id='word_1_79' title='bbox 396 763 612 800; x_wconf 88' lang='lat' dir='ltr'>recentiora</span> <span class='ocrx_word' id='word_1_80' title='bbox 641 776 663 800; x_wconf 89' lang='lat' dir='ltr'>a</span> <span class='ocrx_word' id='word_1_81' title='bbox 693 775 807 800; x_wconf 89' lang='lat' dir='ltr'>manu</span> <span class='ocrx_word' id='word_1_82' title='bbox 834 763 920 813; x_wconf 87' lang='lat' dir='ltr'>alia,</span> <span class='ocrx_word' id='word_1_83' title='bbox 949 762 1137 814; x_wconf 88' lang='lat' dir='ltr'>pinguiori</span> <span class='ocrx_word' id='word_1_84' title='bbox 1166 770 1206 800; x_wconf 91' lang='lat' dir='ltr'>et</span> <span class='ocrx_word' id='word_1_85' title='bbox 1235 762 1357 799; x_wconf 85' lang='lat' dir='ltr'>minus</span> <span class='ocrx_word' id='word_1_86' title='bbox 1386 761 1555 811; x_wconf 85' lang='lat' dir='ltr'>eleganti</span> <span class='ocrx_word' id='word_1_87' title='bbox 1587 761 1655 798; x_wconf 88' lang='lat' dir='ltr'>ad-</span> 
     </span>
     <span class='ocr_line' id='line_1_11' title="bbox 208 822 1652 875; baseline 0.001 -16"><span class='ocrx_word' id='word_1_88' title='bbox 208 822 353 873; x_wconf 88' lang='lat' dir='ltr'>scripta</span> <span class='ocrx_word' id='word_1_89' title='bbox 379 831 467 860; x_wconf 89' lang='lat' dir='ltr'>sunt</span> <span class='ocrx_word' id='word_1_90' title='bbox 495 824 728 862; x_wconf 88' lang='lat' dir='ltr'>orationibus</span> <span class='ocrx_word' id='word_1_91' title='bbox 760 824 921 870; x_wconf 85' lang='lat' dir='ltr'>duabus,</span> <span class='ocrx_word' id='word_1_92' title='bbox 942 838 1012 875; x_wconf 91' lang='lat' dir='ltr'>pro</span> <span class='ocrx_word' id='word_1_93' title='bbox 1041 837 1183 861; x_wconf 89' lang='lat' dir='ltr'>corona</span> <span class='ocrx_word' id='word_1_94' title='bbox 1202 831 1241 861; x_wconf 93' lang='lat' dir='ltr'>et</span> <span class='ocrx_word' id='word_1_95' title='bbox 1261 824 1310 861; x_wconf 94' lang='lat' dir='ltr'>de</span> <span class='ocrx_word' id='word_1_96' title='bbox 1330 823 1428 860; x_wconf 88' lang='lat' dir='ltr'>falsa</span> <span class='ocrx_word' id='word_1_97' title='bbox 1445 822 1652 872; x_wconf 87' lang='lat' dir='ltr'>legatione.</span> 
     </span>
     <span class='ocr_line' id='line_1_12' title="bbox 209 881 1655 935; baseline 0.002 -17"><span class='ocrx_word' id='word_1_98' title='bbox 209 881 362 919; x_wconf 89' lang='lat' dir='ltr'>Horum</span> <span class='ocrx_word' id='word_1_99' title='bbox 382 884 637 921; x_wconf 87' lang='lat' dir='ltr'>recentiorum</span> <span class='ocrx_word' id='word_1_100' title='bbox 658 884 890 922; x_wconf 86' lang='lat' dir='ltr'>scholiorum</span> <span class='ocrx_word' id='word_1_101' title='bbox 915 885 1098 935; x_wconf 89' lang='lat' dir='ltr'>pleraque</span> <span class='ocrx_word' id='word_1_102' title='bbox 1126 891 1214 921; x_wconf 84' lang='lat' dir='ltr'>sunt</span> <span class='ocrx_word' id='word_1_103' title='bbox 1230 884 1374 934; x_wconf 88' lang='lat' dir='ltr'>inepta,</span> <span class='ocrx_word' id='word_1_104' title='bbox 1393 883 1481 920; x_wconf 93' lang='lat' dir='ltr'>luce</span> <span class='ocrx_word' id='word_1_105' title='bbox 1500 882 1655 933; x_wconf 84' lang='lat' dir='ltr'>publica</span> 
     </span>
     <span class='ocr_line' id='line_1_13' title="bbox 206 942 1654 996; baseline 0.001 -17"><span class='ocrx_word' id='word_1_106' title='bbox 206 943 377 993; x_wconf 87' lang='lat' dir='ltr'>indigna,</span> <span class='ocrx_word' id='word_1_107' title='bbox 399 957 421 981; x_wconf 86' lang='lat' dir='ltr'>a</span> <span class='ocrx_word' id='word_1_108' title='bbox 447 945 723 995; x_wconf 90' lang='lat' dir='ltr'>Moschopulo,</span> <span class='ocrx_word' id='word_1_109' title='bbox 756 953 798 982; x_wconf 90' lang='lat' dir='ltr'>ut</span> <span class='ocrx_word' id='word_1_110' title='bbox 831 945 922 982; x_wconf 91' lang='lat' dir='ltr'>mihi</span> <span class='ocrx_word' id='word_1_111' title='bbox 951 945 1114 992; x_wconf 85' lang='lat' dir='ltr'>videtur,</span> <span class='ocrx_word' id='word_1_112' title='bbox 1143 945 1331 996; x_wconf 89' lang='lat' dir='ltr'>profecta.</span> <span class='ocrx_word' id='word_1_113' title='bbox 1403 942 1480 981; x_wconf 85' lang='lat' dir='ltr'>Sed</span> <span class='ocrx_word' id='word_1_114' title='bbox 1508 943 1547 980; x_wconf 89' lang='lat' dir='ltr'>in</span> <span class='ocrx_word' id='word_1_115' title='bbox 1579 944 1654 981; x_wconf 89' lang='lat' dir='ltr'>hac</span> 
     </span>
     <span class='ocr_line' id='line_1_14' title="bbox 204 1004 1656 1056; baseline 0 -16"><span class='ocrx_word' id='word_1_116' title='bbox 204 1011 329 1054; x_wconf 86' lang='lat' dir='ltr'>parte,</span> <span class='ocrx_word' id='word_1_117' title='bbox 351 1018 437 1055; x_wconf 82' lang='lat' dir='ltr'>quae</span> <span class='ocrx_word' id='word_1_118' title='bbox 457 1005 560 1051; x_wconf 84' lang='lat' dir='ltr'>istas,</span> <span class='ocrx_word' id='word_1_119' title='bbox 579 1019 672 1056; x_wconf 85' lang='lat' dir='ltr'>quas</span> <span class='ocrx_word' id='word_1_120' title='bbox 694 1006 784 1052; x_wconf 86' lang='lat' dir='ltr'>dixi,</span> <span class='ocrx_word' id='word_1_121' title='bbox 802 1006 898 1044; x_wconf 86' lang='lat' dir='ltr'>duas</span> <span class='ocrx_word' id='word_1_122' title='bbox 924 1007 1116 1044; x_wconf 86' lang='lat' dir='ltr'>orationes</span> <span class='ocrx_word' id='word_1_123' title='bbox 1136 1014 1255 1052; x_wconf 88' lang='lat' dir='ltr'>tenet,</span> <span class='ocrx_word' id='word_1_124' title='bbox 1274 1005 1400 1043; x_wconf 85' lang='lat' dir='ltr'>codex</span> <span class='ocrx_word' id='word_1_125' title='bbox 1419 1004 1481 1041; x_wconf 89' lang='lat' dir='ltr'>hic</span> <span class='ocrx_word' id='word_1_126' title='bbox 1501 1004 1656 1041; x_wconf 83' lang='lat' dir='ltr'>Bavari-</span> 
     </span>
     <span class='ocr_line' id='line_1_15' title="bbox 205 1066 1653 1118; baseline 0.001 -17"><span class='ocrx_word' id='word_1_127' title='bbox 205 1076 272 1101; x_wconf 90' lang='lat' dir='ltr'>cus</span> <span class='ocrx_word' id='word_1_128' title='bbox 293 1078 363 1102; x_wconf 92' lang='lat' dir='ltr'>usu</span> <span class='ocrx_word' id='word_1_129' title='bbox 381 1073 437 1103; x_wconf 89' lang='lat' dir='ltr'>est</span> <span class='ocrx_word' id='word_1_130' title='bbox 461 1067 627 1104; x_wconf 83' lang='lat' dir='ltr'>maxime</span> <span class='ocrx_word' id='word_1_131' title='bbox 646 1066 819 1113; x_wconf 87' lang='lat' dir='ltr'>detritus,</span> <span class='ocrx_word' id='word_1_132' title='bbox 838 1068 1117 1118; x_wconf 88' lang='lat' dir='ltr'>propemodum</span> <span class='ocrx_word' id='word_1_133' title='bbox 1132 1068 1335 1111; x_wconf 87' lang='lat' dir='ltr'>laceratus,</span> <span class='ocrx_word' id='word_1_134' title='bbox 1356 1073 1396 1103; x_wconf 89' lang='lat' dir='ltr'>et</span> <span class='ocrx_word' id='word_1_135' title='bbox 1415 1066 1653 1111; x_wconf 85' lang='lat' dir='ltr'>obscuratus,</span> 
     </span>
     <span class='ocr_line' id='line_1_16' title="bbox 204 1127 1652 1179; baseline -0.001 -16"><span class='ocrx_word' id='word_1_136' title='bbox 204 1133 248 1163; x_wconf 88' lang='lat' dir='ltr'>ut</span> <span class='ocrx_word' id='word_1_137' title='bbox 262 1141 374 1177; x_wconf 83' lang='lat' dir='ltr'>paene</span> <span class='ocrx_word' id='word_1_138' title='bbox 394 1128 584 1166; x_wconf 83' lang='lat' dir='ltr'>dilabatur</span> <span class='ocrx_word' id='word_1_139' title='bbox 602 1142 681 1179; x_wconf 76' lang='lat' dir='ltr'>prae</span> <span class='ocrx_word' id='word_1_140' title='bbox 696 1135 898 1174; x_wconf 88' lang='lat' dir='ltr'>vetustate,</span> <span class='ocrx_word' id='word_1_141' title='bbox 920 1135 959 1166; x_wconf 90' lang='lat' dir='ltr'>et</span> <span class='ocrx_word' id='word_1_142' title='bbox 977 1142 1154 1166; x_wconf 85' lang='lat' dir='ltr'>manuum</span> <span class='ocrx_word' id='word_1_143' title='bbox 1169 1128 1355 1166; x_wconf 84' lang='lat' dir='ltr'>sordibus.</span> <span class='ocrx_word' id='word_1_144' title='bbox 1403 1127 1528 1163; x_wconf 86' lang='lat' dir='ltr'>Tanto</span> <span class='ocrx_word' id='word_1_145' title='bbox 1546 1139 1652 1163; x_wconf 88' lang='lat' dir='ltr'>mun-</span> 
     </span>
     <span class='ocr_line' id='line_1_17' title="bbox 204 1187 1650 1240; baseline 0 -17"><span class='ocrx_word' id='word_1_146' title='bbox 204 1187 288 1224; x_wconf 86' lang='lat' dir='ltr'>dior</span> <span class='ocrx_word' id='word_1_147' title='bbox 307 1196 366 1226; x_wconf 89' lang='lat' dir='ltr'>est</span> <span class='ocrx_word' id='word_1_148' title='bbox 385 1202 472 1239; x_wconf 88' lang='lat' dir='ltr'>pars</span> <span class='ocrx_word' id='word_1_149' title='bbox 490 1190 690 1240; x_wconf 86' lang='lat' dir='ltr'>posterior,</span> <span class='ocrx_word' id='word_1_150' title='bbox 722 1190 761 1227; x_wconf 91' lang='lat' dir='ltr'>in</span> <span class='ocrx_word' id='word_1_151' title='bbox 788 1203 863 1240; x_wconf 89' lang='lat' dir='ltr'>qua</span> <span class='ocrx_word' id='word_1_152' title='bbox 892 1198 979 1228; x_wconf 90' lang='lat' dir='ltr'>sunt</span> <span class='ocrx_word' id='word_1_153' title='bbox 1007 1203 1135 1228; x_wconf 74' lang='lat' dir='ltr'>causae</span> <span class='ocrx_word' id='word_1_154' title='bbox 1161 1189 1322 1240; x_wconf 89' lang='lat' dir='ltr'>publicae</span> <span class='ocrx_word' id='word_1_155' title='bbox 1349 1195 1387 1225; x_wconf 90' lang='lat' dir='ltr'>et</span> <span class='ocrx_word' id='word_1_156' title='bbox 1416 1187 1580 1238; x_wconf 86' lang='lat' dir='ltr'>privatae,</span> <span class='ocrx_word' id='word_1_157' title='bbox 1609 1194 1650 1224; x_wconf 89' lang='lat' dir='ltr'>ut</span> 
     </span>
     <span class='ocr_line' id='line_1_18' title="bbox 203 1247 1650 1300; baseline -0.001 -15"><span class='ocrx_word' id='word_1_158' title='bbox 203 1262 292 1299; x_wconf 90' lang='lat' dir='ltr'>pars</span> <span class='ocrx_word' id='word_1_159' title='bbox 312 1250 396 1287; x_wconf 83' lang='lat' dir='ltr'>haec</span> <span class='ocrx_word' id='word_1_160' title='bbox 415 1264 525 1300; x_wconf 79' lang='lat' dir='ltr'>paene</span> <span class='ocrx_word' id='word_1_161' title='bbox 551 1251 693 1289; x_wconf 84' lang='lat' dir='ltr'>intaeta</span> <span class='ocrx_word' id='word_1_162' title='bbox 722 1264 745 1288; x_wconf 88' lang='lat' dir='ltr'>a</span> <span class='ocrx_word' id='word_1_163' title='bbox 771 1253 945 1289; x_wconf 87' lang='lat' dir='ltr'>manibus</span> <span class='ocrx_word' id='word_1_164' title='bbox 973 1252 1217 1290; x_wconf 87' lang='lat' dir='ltr'>tractantium</span> <span class='ocrx_word' id='word_1_165' title='bbox 1240 1250 1427 1287; x_wconf 87' lang='lat' dir='ltr'>videatur.</span> <span class='ocrx_word' id='word_1_166' title='bbox 1486 1247 1565 1285; x_wconf 91' lang='lat' dir='ltr'>Sed</span> <span class='ocrx_word' id='word_1_167' title='bbox 1594 1247 1650 1284; x_wconf 89' lang='lat' dir='ltr'>in·</span> 
     </span>
     <span class='ocr_line' id='line_1_19' title="bbox 204 1308 1649 1362; baseline -0.001 -16"><span class='ocrx_word' id='word_1_168' title='bbox 204 1322 300 1358; x_wconf 88' lang='lat' dir='ltr'>gens</span> <span class='ocrx_word' id='word_1_169' title='bbox 320 1318 378 1348; x_wconf 85' lang='lat' dir='ltr'>est</span> <span class='ocrx_word' id='word_1_170' title='bbox 403 1311 441 1347; x_wconf 89' lang='lat' dir='ltr'>in</span> <span class='ocrx_word' id='word_1_171' title='bbox 468 1312 539 1349; x_wconf 89' lang='lat' dir='ltr'>hac</span> <span class='ocrx_word' id='word_1_172' title='bbox 568 1320 675 1362; x_wconf 88' lang='lat' dir='ltr'>parte</span> <span class='ocrx_word' id='word_1_173' title='bbox 703 1312 842 1350; x_wconf 86' lang='lat' dir='ltr'>lacuna</span> <span class='ocrx_word' id='word_1_174' title='bbox 869 1325 937 1362; x_wconf 90' lang='lat' dir='ltr'>per</span> <span class='ocrx_word' id='word_1_175' title='bbox 964 1313 1090 1362; x_wconf 86' lang='lat' dir='ltr'>plures</span> <span class='ocrx_word' id='word_1_176' title='bbox 1117 1312 1276 1362; x_wconf 85' lang='lat' dir='ltr'>paginas</span> <span class='ocrx_word' id='word_1_177' title='bbox 1297 1309 1525 1360; x_wconf 84' lang='lat' dir='ltr'>procedens.</span> <span class='ocrx_word' id='word_1_178' title='bbox 1579 1308 1649 1346; x_wconf 87' lang='lat' dir='ltr'>Ja-</span> 
     </span>
     <span class='ocr_line' id='line_1_20' title="bbox 204 1371 1652 1423; baseline -0.001 -15"><span class='ocrx_word' id='word_1_179' title='bbox 204 1378 338 1408; x_wconf 84' lang='lat' dir='ltr'>cuerat</span> <span class='ocrx_word' id='word_1_180' title='bbox 353 1373 479 1410; x_wconf 86' lang='lat' dir='ltr'>codex</span> <span class='ocrx_word' id='word_1_181' title='bbox 497 1373 534 1409; x_wconf 88' lang='lat' dir='ltr'>in</span> <span class='ocrx_word' id='word_1_182' title='bbox 554 1374 639 1410; x_wconf 89' lang='lat' dir='ltr'>loco</span> <span class='ocrx_word' id='word_1_183' title='bbox 658 1373 830 1411; x_wconf 86' lang='lat' dir='ltr'>humido.</span> <span class='ocrx_word' id='word_1_184' title='bbox 851 1386 926 1423; x_wconf 90' lang='lat' dir='ltr'>quo</span> <span class='ocrx_word' id='word_1_185' title='bbox 944 1373 1087 1411; x_wconf 84' lang='lat' dir='ltr'>factum</span> <span class='ocrx_word' id='word_1_186' title='bbox 1106 1381 1163 1410; x_wconf 89' lang='lat' dir='ltr'>est</span> <span class='ocrx_word' id='word_1_187' title='bbox 1181 1380 1224 1409; x_wconf 89' lang='lat' dir='ltr'>ut</span> <span class='ocrx_word' id='word_1_188' title='bbox 1250 1385 1339 1422; x_wconf 88' lang='lat' dir='ltr'>pars</span> <span class='ocrx_word' id='word_1_189' title='bbox 1358 1371 1533 1421; x_wconf 76' lang='lat' dir='ltr'>quaedam</span> <span class='ocrx_word' id='word_1_190' title='bbox 1551 1383 1652 1408; x_wconf 91' lang='lat' dir='ltr'>com-</span> 
     </span>
     <span class='ocr_line' id='line_1_21' title="bbox 202 1430 1648 1484; baseline -0.002 -15"><span class='ocrx_word' id='word_1_191' title='bbox 202 1433 420 1482; x_wconf 86' lang='lat' dir='ltr'>putruisset.</span> <span class='ocrx_word' id='word_1_192' title='bbox 441 1435 526 1472; x_wconf 83' lang='lat' dir='ltr'>haec</span> <span class='ocrx_word' id='word_1_193' title='bbox 553 1441 656 1471; x_wconf 88' lang='lat' dir='ltr'>sarta</span> <span class='ocrx_word' id='word_1_194' title='bbox 683 1433 926 1484; x_wconf 84' lang='lat' dir='ltr'>postmodum</span> <span class='ocrx_word' id='word_1_195' title='bbox 955 1440 1013 1471; x_wconf 88' lang='lat' dir='ltr'>est</span> <span class='ocrx_word' id='word_1_196' title='bbox 1039 1446 1062 1471; x_wconf 89' lang='lat' dir='ltr'>a</span> <span class='ocrx_word' id='word_1_197' title='bbox 1089 1446 1202 1470; x_wconf 90' lang='lat' dir='ltr'>manu</span> <span class='ocrx_word' id='word_1_198' title='bbox 1227 1431 1455 1476; x_wconf 86' lang='lat' dir='ltr'>recentiore,</span> <span class='ocrx_word' id='word_1_199' title='bbox 1483 1443 1561 1480; x_wconf 83' lang='lat' dir='ltr'>non</span> <span class='ocrx_word' id='word_1_200' title='bbox 1589 1430 1648 1467; x_wconf 91' lang='lat' dir='ltr'>in-</span> 
     </span>
     <span class='ocr_line' id='line_1_22' title="bbox 201 1491 1649 1545; baseline -0.001 -15"><span class='ocrx_word' id='word_1_201' title='bbox 201 1494 319 1532; x_wconf 84' lang='lat' dir='ltr'>ficeta</span> <span class='ocrx_word' id='word_1_202' title='bbox 337 1494 492 1544; x_wconf 88' lang='lat' dir='ltr'>quidem</span> <span class='ocrx_word' id='word_1_203' title='bbox 511 1495 589 1539; x_wconf 88' lang='lat' dir='ltr'>illa,</span> <span class='ocrx_word' id='word_1_204' title='bbox 615 1494 738 1531; x_wconf 89' lang='lat' dir='ltr'>minus</span> <span class='ocrx_word' id='word_1_205' title='bbox 759 1501 900 1539; x_wconf 87' lang='lat' dir='ltr'>tamen,</span> <span class='ocrx_word' id='word_1_206' title='bbox 920 1502 1036 1545; x_wconf 85' lang='lat' dir='ltr'>atque</span> <span class='ocrx_word' id='word_1_207' title='bbox 1052 1501 1204 1531; x_wconf 86' lang='lat' dir='ltr'>vetusta</span> <span class='ocrx_word' id='word_1_208' title='bbox 1223 1500 1294 1539; x_wconf 86' lang='lat' dir='ltr'>est,</span> <span class='ocrx_word' id='word_1_209' title='bbox 1315 1491 1496 1542; x_wconf 89' lang='lat' dir='ltr'>eleganti,</span> <span class='ocrx_word' id='word_1_210' title='bbox 1515 1491 1649 1529; x_wconf 87' lang='lat' dir='ltr'>nescio</span> 
     </span>
     <span class='ocr_line' id='line_1_23' title="bbox 201 1552 1648 1606; baseline -0.002 -15"><span class='ocrx_word' id='word_1_211' title='bbox 201 1555 318 1592; x_wconf 85' lang='lat' dir='ltr'>unde.</span> <span class='ocrx_word' id='word_1_212' title='bbox 374 1555 468 1593; x_wconf 85' lang='lat' dir='ltr'>Post</span> <span class='ocrx_word' id='word_1_213' title='bbox 485 1556 788 1594; x_wconf 85' lang='lat' dir='ltr'>Demosthenem</span> <span class='ocrx_word' id='word_1_214' title='bbox 806 1565 1015 1606; x_wconf 84' lang='lat' dir='ltr'>sequuntur</span> <span class='ocrx_word' id='word_1_215' title='bbox 1037 1555 1232 1593; x_wconf 87' lang='lat' dir='ltr'>Plutarchi</span> <span class='ocrx_word' id='word_1_216' title='bbox 1262 1555 1350 1591; x_wconf 83' lang='lat' dir='ltr'>vitae</span> <span class='ocrx_word' id='word_1_217' title='bbox 1369 1552 1562 1604; x_wconf 78' lang='lat' dir='ltr'>parallelae</span> <span class='ocrx_word' id='word_1_218' title='bbox 1582 1552 1648 1589; x_wconf 91' lang='lat' dir='ltr'>ali-</span> 
     </span>
     <span class='ocr_line' id='line_1_24' title="bbox 201 1615 1647 1668; baseline -0.003 -15"><span class='ocrx_word' id='word_1_219' title='bbox 201 1624 307 1666; x_wconf 88' lang='lat' dir='ltr'>quot,</span> <span class='ocrx_word' id='word_1_220' title='bbox 328 1618 376 1654; x_wconf 88' lang='lat' dir='ltr'>ab</span> <span class='ocrx_word' id='word_1_221' title='bbox 396 1617 531 1655; x_wconf 86' lang='lat' dir='ltr'>eadem</span> <span class='ocrx_word' id='word_1_222' title='bbox 551 1618 706 1668; x_wconf 85' lang='lat' dir='ltr'>antiqua</span> <span class='ocrx_word' id='word_1_223' title='bbox 724 1630 853 1662; x_wconf 87' lang='lat' dir='ltr'>manu,</span> <span class='ocrx_word' id='word_1_224' title='bbox 874 1617 940 1655; x_wconf 87' lang='lat' dir='ltr'>illa</span> <span class='ocrx_word' id='word_1_225' title='bbox 967 1617 1064 1655; x_wconf 86' lang='lat' dir='ltr'>scita</span> <span class='ocrx_word' id='word_1_226' title='bbox 1090 1624 1129 1655; x_wconf 91' lang='lat' dir='ltr'>et</span> <span class='ocrx_word' id='word_1_227' title='bbox 1147 1623 1322 1662; x_wconf 88' lang='lat' dir='ltr'>venusta,</span> <span class='ocrx_word' id='word_1_228' title='bbox 1344 1615 1414 1652; x_wconf 85' lang='lat' dir='ltr'>sed</span> <span class='ocrx_word' id='word_1_229' title='bbox 1433 1620 1647 1652; x_wconf 81' lang='lat' dir='ltr'>atramento</span> 
     </span>
     <span class='ocr_line' id='line_1_25' title="bbox 200 1673 1648 1728; baseline -0.002 -15"><span class='ocrx_word' id='word_1_230' title='bbox 200 1678 482 1727; x_wconf 81' lang='lat' dir='ltr'>pallidiusculo‚</span> <span class='ocrx_word' id='word_1_231' title='bbox 513 1686 554 1715; x_wconf 89' lang='lat' dir='ltr'>ut</span> <span class='ocrx_word' id='word_1_232' title='bbox 586 1692 686 1728; x_wconf 82' lang='lat' dir='ltr'>aegre</span> <span class='ocrx_word' id='word_1_233' title='bbox 717 1679 905 1728; x_wconf 85' lang='lat' dir='ltr'>legantur.</span> <span class='ocrx_word' id='word_1_234' title='bbox 960 1678 1007 1715; x_wconf 87' lang='lat' dir='ltr'>In</span> <span class='ocrx_word' id='word_1_235' title='bbox 1027 1686 1199 1716; x_wconf 86' lang='lat' dir='ltr'>extremo</span> <span class='ocrx_word' id='word_1_236' title='bbox 1219 1677 1294 1715; x_wconf 87' lang='lat' dir='ltr'>fine</span> <span class='ocrx_word' id='word_1_237' title='bbox 1324 1676 1463 1726; x_wconf 81' lang='lat' dir='ltr'>legitur</span> <span class='ocrx_word' id='word_1_238' title='bbox 1498 1673 1648 1726; x_wconf 87' lang='lat' dir='ltr'>Synesii</span> 
     </span>
     <span class='ocr_line' id='line_1_26' title="bbox 200 1738 1645 1789; baseline -0.002 -15"><span class='ocrx_word' id='word_1_239' title='bbox 200 1738 296 1788; x_wconf 85' lang='lat' dir='ltr'>disp.</span> <span class='ocrx_word' id='word_1_240' title='bbox 317 1739 364 1776; x_wconf 91' lang='lat' dir='ltr'>de</span> <span class='ocrx_word' id='word_1_241' title='bbox 386 1739 577 1777; x_wconf 87' lang='lat' dir='ltr'>insomniis</span> <span class='ocrx_word' id='word_1_242' title='bbox 596 1753 681 1777; x_wconf 90' lang='lat' dir='ltr'>cum</span> <span class='ocrx_word' id='word_1_243' title='bbox 709 1739 984 1777; x_wconf 89' lang='lat' dir='ltr'>commentario</span> <span class='ocrx_word' id='word_1_244' title='bbox 1015 1739 1221 1789; x_wconf 87' lang='lat' dir='ltr'>Nicephori</span> <span class='ocrx_word' id='word_1_245' title='bbox 1252 1739 1455 1788; x_wconf 86' lang='lat' dir='ltr'>Gregorae,</span> <span class='ocrx_word' id='word_1_246' title='bbox 1481 1748 1504 1773; x_wconf 84' lang='lat' dir='ltr'>a</span> <span class='ocrx_word' id='word_1_247' title='bbox 1530 1748 1645 1772; x_wconf 87' lang='lat' dir='ltr'>manu</span> 
     </span>
     <span class='ocr_line' id='line_1_27' title="bbox 200 1796 1643 1851; baseline -0.001 -17"><span class='ocrx_word' id='word_1_248' title='bbox 200 1799 338 1849; x_wconf 86' lang='lat' dir='ltr'>scripta</span> <span class='ocrx_word' id='word_1_249' title='bbox 356 1800 477 1837; x_wconf 85' lang='lat' dir='ltr'>multo</span> <span class='ocrx_word' id='word_1_250' title='bbox 506 1801 733 1851; x_wconf 86' lang='lat' dir='ltr'>antiquiore,</span> <span class='ocrx_word' id='word_1_251' title='bbox 753 1801 792 1838; x_wconf 93' lang='lat' dir='ltr'>in</span> <span class='ocrx_word' id='word_1_252' title='bbox 813 1801 952 1838; x_wconf 86' lang='lat' dir='ltr'>chartis</span> <span class='ocrx_word' id='word_1_253' title='bbox 971 1801 1085 1850; x_wconf 81' lang='lat' dir='ltr'>longe</span> <span class='ocrx_word' id='word_1_254' title='bbox 1106 1801 1203 1848; x_wconf 87' lang='lat' dir='ltr'>aliis,</span> <span class='ocrx_word' id='word_1_255' title='bbox 1223 1800 1339 1838; x_wconf 86' lang='lat' dir='ltr'>literis</span> <span class='ocrx_word' id='word_1_256' title='bbox 1358 1796 1643 1844; x_wconf 83' lang='lat' dir='ltr'>horridioribus,</span> 
     </span>
    </p>
   </div>
   <div class='ocr_carea' id='block_1_3' title="bbox 201 1861 1119 1913">
    <p class='ocr_par' dir='ltr' id='par_1_3' title="bbox 201 1861 1119 1913">
     <span class='ocr_line' id='line_1_28' title="bbox 201 1861 1119 1913; baseline 0.003 -17"><span class='ocrx_word' id='word_1_257' title='bbox 201 1872 287 1897; x_wconf 88' lang='lat' dir='ltr'>cum</span> <span class='ocrx_word' id='word_1_258' title='bbox 306 1862 434 1899; x_wconf 86' lang='lat' dir='ltr'>nescio</span> <span class='ocrx_word' id='word_1_259' title='bbox 449 1861 586 1913; x_wconf 90' lang='lat' dir='ltr'>quibus</span> <span class='ocrx_word' id='word_1_260' title='bbox 604 1875 651 1900; x_wconf 85' lang='lat' dir='ltr'>ex</span> <span class='ocrx_word' id='word_1_261' title='bbox 664 1862 869 1900; x_wconf 84' lang='lat' dir='ltr'>Aristotele</span> <span class='ocrx_word' id='word_1_262' title='bbox 884 1862 1119 1912; x_wconf 83' lang='lat' dir='ltr'>fragmentis.</span> 
     </span>
    </p>
   </div>
   <div class='ocr_carea' id='block_1_4' title="bbox 760 2023 1082 2066">
    <p class='ocr_par' dir='ltr' id='par_1_4' title="bbox 760 2023 1082 2066">
     <span class='ocr_line' id='line_1_29' title="bbox 760 2023 1082 2066; baseline -0.006 0"><span class='ocrx_word' id='word_1_263' title='bbox 760 2023 928 2066; x_wconf 90' lang='lat' dir='ltr'>SECT.</span> <span class='ocrx_word' id='word_1_264' title='bbox 958 2023 1082 2066; x_wconf 83' lang='lat' dir='ltr'>XX.</span> 
     </span>
    </p>
   </div>
   <div class='ocr_carea' id='block_1_5' title="bbox 646 2131 1173 2168">
    <p class='ocr_par' dir='ltr' id='par_1_5' title="bbox 646 2131 1173 2168">
     <span class='ocr_line' id='line_1_30' title="bbox 646 2131 1173 2168; baseline -0.004 0"><span class='ocrx_word' id='word_1_265' title='bbox 646 2131 707 2168; x_wconf 83' lang='lat' dir='ltr'>De</span> <span class='ocrx_word' id='word_1_266' title='bbox 729 2132 847 2168; x_wconf 81' lang='lat' dir='ltr'>codice</span> <span class='ocrx_word' id='word_1_267' title='bbox 864 2131 1173 2168; x_wconf 70' lang='lat' dir='ltr'>Mem-manniam.</span> 
     </span>
    </p>
   </div>
   <div class='ocr_carea' id='block_1_6' title="bbox 191 2222 1642 2891">
    <p class='ocr_par' dir='ltr' id='par_1_6' title="bbox 191 2222 1642 2891">
     <span class='ocr_line' id='line_1_31' title="bbox 252 2222 1642 2271; baseline -0.003 -7"><span class='ocrx_word' id='word_1_268' title='bbox 252 2227 498 2265; x_wconf 77' lang='lat' dir='ltr'>GERARDUs</span> <span class='ocrx_word' id='word_1_269' title='bbox 521 2227 810 2271; x_wconf 87' lang='lat' dir='ltr'>Meermannus,</span> <span class='ocrx_word' id='word_1_270' title='bbox 826 2225 896 2263; x_wconf 86' lang='lat' dir='ltr'>Vir</span> <span class='ocrx_word' id='word_1_271' title='bbox 916 2233 955 2264; x_wconf 88' lang='lat' dir='ltr'>et</span> <span class='ocrx_word' id='word_1_272' title='bbox 982 2226 1191 2263; x_wconf 86' lang='lat' dir='ltr'>honoribus</span> <span class='ocrx_word' id='word_1_273' title='bbox 1223 2231 1262 2262; x_wconf 90' lang='lat' dir='ltr'>et</span> <span class='ocrx_word' id='word_1_274' title='bbox 1296 2222 1439 2261; x_wconf 85' lang='lat' dir='ltr'>meritis</span> <span class='ocrx_word' id='word_1_275' title='bbox 1472 2222 1519 2259; x_wconf 91' lang='lat' dir='ltr'>de</span> <span class='ocrx_word' id='word_1_276' title='bbox 1539 2222 1565 2261; x_wconf 88' lang='lat' dir='ltr'>J</span> <span class='ocrx_word' id='word_1_277' title='bbox 1570 2222 1642 2260; x_wconf 78' lang='lat' dir='ltr'>ur1s</span> 
     </span>
     <span class='ocr_line' id='line_1_32' title="bbox 196 2283 1642 2337; baseline -0.001 -14"><span class='ocrx_word' id='word_1_278' title='bbox 196 2288 400 2337; x_wconf 87' lang='lat' dir='ltr'>prudentia</span> <span class='ocrx_word' id='word_1_279' title='bbox 427 2288 603 2325; x_wconf 87' lang='lat' dir='ltr'>nobiliori</span> <span class='ocrx_word' id='word_1_280' title='bbox 623 2287 792 2331; x_wconf 89' lang='lat' dir='ltr'>illustris,</span> <span class='ocrx_word' id='word_1_281' title='bbox 814 2300 835 2324; x_wconf 91' lang='lat' dir='ltr'>e</span> <span class='ocrx_word' id='word_1_282' title='bbox 854 2287 1087 2324; x_wconf 85' lang='lat' dir='ltr'>bibliotheca</span> <span class='ocrx_word' id='word_1_283' title='bbox 1105 2299 1173 2324; x_wconf 89' lang='lat' dir='ltr'>sua</span> <span class='ocrx_word' id='word_1_284' title='bbox 1193 2284 1335 2323; x_wconf 88' lang='lat' dir='ltr'>codicis</span> <span class='ocrx_word' id='word_1_285' title='bbox 1363 2283 1642 2321; x_wconf 87' lang='lat' dir='ltr'>demosthenici</span> 
     </span>
     <span class='ocr_line' id='line_1_33' title="bbox 196 2344 1642 2398; baseline -0.003 -12"><span class='ocrx_word' id='word_1_286' title='bbox 196 2349 346 2398; x_wconf 86' lang='lat' dir='ltr'>copiam</span> <span class='ocrx_word' id='word_1_287' title='bbox 376 2349 466 2386; x_wconf 90' lang='lat' dir='ltr'>mihi</span> <span class='ocrx_word' id='word_1_288' title='bbox 500 2349 606 2393; x_wconf 87' lang='lat' dir='ltr'>fecit,</span> <span class='ocrx_word' id='word_1_289' title='bbox 637 2348 803 2384; x_wconf 86' lang='lat' dir='ltr'>tenentis</span> <span class='ocrx_word' id='word_1_290' title='bbox 837 2361 925 2385; x_wconf 91' lang='lat' dir='ltr'>cum</span> <span class='ocrx_word' id='word_1_291' title='bbox 958 2346 1248 2398; x_wconf 86' lang='lat' dir='ltr'>quatuordecim</span> <span class='ocrx_word' id='word_1_292' title='bbox 1278 2344 1494 2396; x_wconf 88' lang='lat' dir='ltr'>philippicis</span> <span class='ocrx_word' id='word_1_293' title='bbox 1527 2345 1642 2382; x_wconf 85' lang='lat' dir='ltr'>etiam</span> 
     </span>
     <span class='ocr_line' id='line_1_34' title="bbox 195 2407 1639 2458; baseline -0.002 -12"><span class='ocrx_word' id='word_1_294' title='bbox 195 2410 289 2447; x_wconf 85' lang='lat' dir='ltr'>duas</span> <span class='ocrx_word' id='word_1_295' title='bbox 310 2410 489 2447; x_wconf 85' lang='lat' dir='ltr'>adversus</span> <span class='ocrx_word' id='word_1_296' title='bbox 511 2409 745 2447; x_wconf 85' lang='lat' dir='ltr'>AEschinem.</span> <span class='ocrx_word' id='word_1_297' title='bbox 767 2409 891 2446; x_wconf 80' lang='lat' dir='ltr'>codex</span> <span class='ocrx_word' id='word_1_298' title='bbox 906 2416 965 2446; x_wconf 87' lang='lat' dir='ltr'>est</span> <span class='ocrx_word' id='word_1_299' title='bbox 984 2409 1020 2445; x_wconf 90' lang='lat' dir='ltr'>in</span> <span class='ocrx_word' id='word_1_300' title='bbox 1039 2408 1169 2446; x_wconf 85' lang='lat' dir='ltr'>charta</span> <span class='ocrx_word' id='word_1_301' title='bbox 1185 2407 1415 2458; x_wconf 85' lang='lat' dir='ltr'>bombycina</span> <span class='ocrx_word' id='word_1_302' title='bbox 1444 2413 1639 2450; x_wconf 81' lang='lat' dir='ltr'>exaratus,</span> 
     </span>
     <span class='ocr_line' id='line_1_35' title="bbox 194 2467 1642 2521; baseline -0.003 -13"><span class='ocrx_word' id='word_1_303' title='bbox 194 2485 322 2517; x_wconf 88' lang='lat' dir='ltr'>manu,</span> <span class='ocrx_word' id='word_1_304' title='bbox 344 2486 419 2509; x_wconf 90' lang='lat' dir='ltr'>non</span> <span class='ocrx_word' id='word_1_305' title='bbox 438 2472 502 2509; x_wconf 89' lang='lat' dir='ltr'>illa</span> <span class='ocrx_word' id='word_1_306' title='bbox 518 2471 671 2521; x_wconf 87' lang='lat' dir='ltr'>quidem</span> <span class='ocrx_word' id='word_1_307' title='bbox 691 2471 921 2521; x_wconf 85' lang='lat' dir='ltr'>inelegante,</span> <span class='ocrx_word' id='word_1_308' title='bbox 942 2470 1011 2508; x_wconf 90' lang='lat' dir='ltr'>sed</span> <span class='ocrx_word' id='word_1_309' title='bbox 1030 2470 1197 2514; x_wconf 83' lang='lat' dir='ltr'>indocta,</span> <span class='ocrx_word' id='word_1_310' title='bbox 1219 2468 1402 2519; x_wconf 81' lang='lat' dir='ltr'>superiori</span> <span class='ocrx_word' id='word_1_311' title='bbox 1422 2467 1580 2513; x_wconf 83' lang='lat' dir='ltr'>saeculo,</span> <span class='ocrx_word' id='word_1_312' title='bbox 1599 2474 1642 2504; x_wconf 89' lang='lat' dir='ltr'>ut</span> 
     </span>
     <span class='ocr_line' id='line_1_36' title="bbox 192 2529 1639 2582; baseline -0.003 -12"><span class='ocrx_word' id='word_1_313' title='bbox 192 2532 403 2577; x_wconf 82' lang='lat' dir='ltr'>videbatur,</span> <span class='ocrx_word' id='word_1_314' title='bbox 433 2533 564 2570; x_wconf 91' lang='lat' dir='ltr'>nescio</span> <span class='ocrx_word' id='word_1_315' title='bbox 583 2545 659 2582; x_wconf 88' lang='lat' dir='ltr'>quo</span> <span class='ocrx_word' id='word_1_316' title='bbox 688 2545 710 2569; x_wconf 89' lang='lat' dir='ltr'>e</span> <span class='ocrx_word' id='word_1_317' title='bbox 730 2532 840 2581; x_wconf 80' lang='lat' dir='ltr'>libro,</span> <span class='ocrx_word' id='word_1_318' title='bbox 859 2545 935 2569; x_wconf 91' lang='lat' dir='ltr'>non</span> <span class='ocrx_word' id='word_1_319' title='bbox 966 2532 1109 2581; x_wconf 88' lang='lat' dir='ltr'>optimo</span> <span class='ocrx_word' id='word_1_320' title='bbox 1128 2530 1281 2581; x_wconf 86' lang='lat' dir='ltr'>quidem</span> <span class='ocrx_word' id='word_1_321' title='bbox 1302 2530 1381 2574; x_wconf 91' lang='lat' dir='ltr'>illo,</span> <span class='ocrx_word' id='word_1_322' title='bbox 1413 2529 1639 2579; x_wconf 85' lang='lat' dir='ltr'>exscriptuS.</span> 
     </span>
     <span class='ocr_line' id='line_1_37' title="bbox 194 2591 1639 2645; baseline -0.001 -15"><span class='ocrx_word' id='word_1_323' title='bbox 194 2594 298 2644; x_wconf 87' lang='lat' dir='ltr'>quod</span> <span class='ocrx_word' id='word_1_324' title='bbox 328 2607 414 2632; x_wconf 86' lang='lat' dir='ltr'>cnm</span> <span class='ocrx_word' id='word_1_325' title='bbox 444 2594 533 2630; x_wconf 86' lang='lat' dir='ltr'>mihi</span> <span class='ocrx_word' id='word_1_326' title='bbox 561 2607 582 2631; x_wconf 91' lang='lat' dir='ltr'>e</span> <span class='ocrx_word' id='word_1_327' title='bbox 613 2593 817 2631; x_wconf 81' lang='lat' dir='ltr'>collatione</span> <span class='ocrx_word' id='word_1_328' title='bbox 849 2593 1168 2645; x_wconf 87' lang='lat' dir='ltr'>Olynthiacarum</span> <span class='ocrx_word' id='word_1_329' title='bbox 1201 2591 1447 2635; x_wconf 87' lang='lat' dir='ltr'>constitisset,</span> <span class='ocrx_word' id='word_1_330' title='bbox 1482 2591 1639 2629; x_wconf 83' lang='lat' dir='ltr'>obrutus</span> 
     </span>
     <span class='ocr_line' id='line_1_38' title="bbox 193 2651 1637 2705; baseline -0.004 -12"><span class='ocrx_word' id='word_1_331' title='bbox 193 2656 275 2693; x_wconf 86' lang='lat' dir='ltr'>aliis</span> <span class='ocrx_word' id='word_1_332' title='bbox 304 2656 427 2693; x_wconf 87' lang='lat' dir='ltr'>multis</span> <span class='ocrx_word' id='word_1_333' title='bbox 452 2656 627 2705; x_wconf 83' lang='lat' dir='ltr'>negotiis,</span> <span class='ocrx_word' id='word_1_334' title='bbox 652 2656 728 2693; x_wconf 90' lang='lat' dir='ltr'>cito</span> <span class='ocrx_word' id='word_1_335' title='bbox 748 2656 1021 2693; x_wconf 84' lang='lat' dir='ltr'>remittendum</span> <span class='ocrx_word' id='word_1_336' title='bbox 1048 2654 1141 2691; x_wconf 85' lang='lat' dir='ltr'>duxi</span> <span class='ocrx_word' id='word_1_337' title='bbox 1167 2654 1341 2690; x_wconf 89' lang='lat' dir='ltr'>codicem</span> <span class='ocrx_word' id='word_1_338' title='bbox 1360 2651 1408 2689; x_wconf 84' lang='lat' dir='ltr'>ad</span> <span class='ocrx_word' id='word_1_339' title='bbox 1429 2651 1637 2691; x_wconf 84' lang='lat' dir='ltr'>dominum.</span> 
     </span>
     <span class='ocr_line' id='line_1_39' title="bbox 195 2713 1637 2769; baseline -0.003 -14"><span class='ocrx_word' id='word_1_340' title='bbox 195 2718 416 2769; x_wconf 85' lang='lat' dir='ltr'>Specimina</span> <span class='ocrx_word' id='word_1_341' title='bbox 434 2725 562 2755; x_wconf 87' lang='lat' dir='ltr'>tamen</span> <span class='ocrx_word' id='word_1_342' title='bbox 581 2721 661 2766; x_wconf 90' lang='lat' dir='ltr'>ejus</span> <span class='ocrx_word' id='word_1_343' title='bbox 682 2718 719 2754; x_wconf 92' lang='lat' dir='ltr'>in</span> <span class='ocrx_word' id='word_1_344' title='bbox 740 2718 870 2755; x_wconf 92' lang='lat' dir='ltr'>libello</span> <span class='ocrx_word' id='word_1_345' title='bbox 884 2716 1110 2754; x_wconf 82' lang='lat' dir='ltr'>variantium</span> <span class='ocrx_word' id='word_1_346' title='bbox 1127 2715 1313 2752; x_wconf 84' lang='lat' dir='ltr'>dabimus.</span> <span class='ocrx_word' id='word_1_347' title='bbox 1352 2713 1489 2750; x_wconf 86' lang='lat' dir='ltr'>Gratia</span> <span class='ocrx_word' id='word_1_348' title='bbox 1509 2720 1637 2751; x_wconf 84' lang='lat' dir='ltr'>tamen</span> 
     </span>
     <span class='ocr_line' id='line_1_40' title="bbox 192 2775 1638 2817; baseline -0.002 -1"><span class='ocrx_word' id='word_1_349' title='bbox 192 2779 435 2817; x_wconf 85' lang='lat' dir='ltr'>humanitatis</span> <span class='ocrx_word' id='word_1_350' title='bbox 450 2779 540 2816; x_wconf 88' lang='lat' dir='ltr'>mihi</span> <span class='ocrx_word' id='word_1_351' title='bbox 560 2779 598 2815; x_wconf 89' lang='lat' dir='ltr'>in</span> <span class='ocrx_word' id='word_1_352' title='bbox 618 2779 692 2816; x_wconf 92' lang='lat' dir='ltr'>hoc</span> <span class='ocrx_word' id='word_1_353' title='bbox 711 2779 847 2816; x_wconf 88' lang='lat' dir='ltr'>codice</span> <span class='ocrx_word' id='word_1_354' title='bbox 876 2775 1193 2816; x_wconf 82' lang='lat' dir='ltr'>communicando</span> <span class='ocrx_word' id='word_1_355' title='bbox 1221 2776 1491 2813; x_wconf 77' lang='lat' dir='ltr'>demonstratae</span> <span class='ocrx_word' id='word_1_356' title='bbox 1519 2775 1638 2813; x_wconf 87' lang='lat' dir='ltr'>nihilo</span> 
     </span>
     <span class='ocr_line' id='line_1_41' title="bbox 191 2835 1636 2891; baseline -0.002 -14"><span class='ocrx_word' id='word_1_357' title='bbox 191 2841 315 2878; x_wconf 84' lang='lat' dir='ltr'>minor</span> <span class='ocrx_word' id='word_1_358' title='bbox 344 2853 464 2891; x_wconf 86' lang='lat' dir='ltr'>penes</span> <span class='ocrx_word' id='word_1_359' title='bbox 491 2852 561 2877; x_wconf 91' lang='lat' dir='ltr'>nos</span> <span class='ocrx_word' id='word_1_360' title='bbox 586 2838 740 2878; x_wconf 88' lang='lat' dir='ltr'>domino</span> <span class='ocrx_word' id='word_1_361' title='bbox 771 2839 915 2878; x_wconf 88' lang='lat' dir='ltr'>codicis</span> <span class='ocrx_word' id='word_1_362' title='bbox 946 2844 1089 2884; x_wconf 85' lang='lat' dir='ltr'>manet,</span> <span class='ocrx_word' id='word_1_363' title='bbox 1117 2849 1162 2875; x_wconf 87' lang='lat' dir='ltr'>ac</span> <span class='ocrx_word' id='word_1_364' title='bbox 1182 2837 1213 2874; x_wconf 91' lang='lat' dir='ltr'>si</span> <span class='ocrx_word' id='word_1_365' title='bbox 1233 2837 1401 2874; x_wconf 86' lang='lat' dir='ltr'>omnium</span> <span class='ocrx_word' id='word_1_366' title='bbox 1428 2836 1554 2874; x_wconf 89' lang='lat' dir='ltr'>codex</span> <span class='ocrx_word' id='word_1_367' title='bbox 1573 2835 1636 2874; x_wconf 83' lang='lat' dir='ltr'>ille</span> 
     </span>
    </p>
   </div>
   <div class='ocr_carea' id='block_1_7' title="bbox 192 2900 690 2952">
    <p class='ocr_par' dir='ltr' id='par_1_7' title="bbox 192 2900 690 2952">
     <span class='ocr_line' id='line_1_42' title="bbox 192 2900 690 2952; baseline 0.002 -15"><span class='ocrx_word' id='word_1_368' title='bbox 192 2901 526 2952; x_wconf 60' lang='lat' dir='ltr'>praestantissimus</span> <span class='ocrx_word' id='word_1_369' title='bbox 544 2900 690 2939; x_wconf 84' lang='lat' dir='ltr'>fuisset.</span> 
     </span>
    </p>
   </div>
  </div>
 </body>
</html>
