1824 3171
166 138 214 162 cx
225 125 311 163 xviii
487 126 558 165 10.
592 124 844 164 TAYLORI
876 124 1310 165 PROLEGOMENA

159 231 222 264 τοῦ
245 235 450 280 νυκτερινοῦ
469 229 624 282 λύχνου.
653 226 815 267 Lucian.
832 228 992 267 Encom.
1012 230 1048 280 β.
1063 232 1123 268 15.
1180 228 1360 267 Scomma
1375 224 1491 265 etiam
1513 226 1614 266 istud

159 287 322 339 Pytheae
343 297 590 328 conservatur
608 291 646 327 in
668 290 863 328 Plutarchi
886 304 1054 341 compar.
1075 290 1277 328 Demosth.
1298 303 1383 328 cum
1407 289 1614 335 Cicerone,

161 349 200 386 in
219 352 425 402 praeceptis
445 352 521 403 pol.
544 359 582 390 et
602 352 639 389 in
656 351 941 402 Apophthegm.
963 352 1055 389 item
1076 352 1112 389 in
1133 352 1310 390 Libanio.
1330 351 1468 388 AElian.
1489 351 1537 388 V.
1555 350 1613 390 H.

162 411 201 450 7.
217 412 254 451 7.
291 411 431 449 Stobaei
459 425 571 450 serm.
589 415 654 451 26.
686 412 852 462 Niceph.
870 412 991 462 Greg.
1011 412 1116 450 Hist.
1133 413 1229 463 Byz.
1250 427 1288 463 p.
1304 415 1394 450 211.
1425 412 1448 450 l.
1471 415 1508 450 8.
1537 411 1616 450 La-

157 478 276 510 etant.
298 472 346 510 V.
367 475 404 511 2.
435 473 502 510 Ad
521 473 658 511 furem.
717 473 808 511 Scio
837 486 897 511 me
925 473 1084 511 lucerna
1111 480 1287 511 utentem
1319 473 1387 510 tibi
1417 486 1502 510 esse
1532 486 1614 511 mo-

157 532 311 571 lestum.
342 534 536 572 Plutarch.
553 547 592 585 p.
610 537 701 573 390.
721 533 781 571 ed.
799 547 855 584 gr.
878 534 995 572 Basil.
1014 534 1122 572 Stob.
1139 547 1252 572 serm.
1267 537 1332 572 29.
1349 547 1385 584 p.
1402 537 1494 571 201.
1537 533 1615 571 Fur

156 593 220 631 ille
239 601 396 632 vocatus
416 595 574 647 χαλκός.
594 594 695 632 unde
726 601 764 631 et
781 594 877 632 illud
898 595 1063 643 subjecit
1091 607 1257 645 quoque.
1313 595 1406 638 Vos,
1429 594 1545 640 cives,
1563 606 1615 632 ne

154 654 338 692 miremini
355 655 467 700 furta,
485 668 570 693 cum
586 655 690 693 fures
711 655 921 693 habeamus
938 656 1103 694 Chalcos
1123 662 1161 693 et
1182 655 1347 706 parietes
1367 655 1505 693 luteos.
1528 654 1617 692 Plu-

155 716 276 753 tarch.
292 716 331 753 in
346 717 436 754 vita.
458 717 655 767 Leopard.
673 716 836 754 Emend.
854 716 946 755 XII.
969 720 1031 755 14«.
1054 717 1170 755 XIII.
1191 720 1253 755 15.

212 780 273 816 15.
305 777 513 816 Memoria.
544 777 819 829 Thucydidem
840 778 960 816 octies
978 790 1048 816 sua
1067 791 1182 816 manu
1204 776 1417 828 descripsit.
1446 776 1612 817 Lucian.

155 838 241 878 adv.
272 839 482 878 indoctum.
511 840 558 877 T.
585 840 637 878 II.
664 853 703 891 p.
730 843 822 879 380.
863 840 1047 890 Agathias
1073 840 1097 877 l.
1116 843 1154 878 2.
1185 847 1362 878 extremo
1389 854 1429 890 p.
1452 843 1519 879 66.
1547 841 1611 879 ed.

154 901 272 940 Paris.
298 902 434 940 Suidas
454 902 491 938 in
510 902 764 953 Σταγειρίτης.
795 902 925 939 decies
954 902 1125 939 Turneb.
1154 901 1318 939 Advers.
1350 901 1518 938 XXVII.
1545 904 1612 940 22.

153 964 296 1014 septies
317 964 481 1001 Robert.
512 963 634 1001 Titius
657 963 814 1000 Adsert.
838 963 904 1000 IV.
924 965 962 1002 5.
1013 963 1128 1001 Cren.
1146 962 1349 1000 Animadv.
1371 962 1564 1013 Philolog.
1586 963 1613 1002 l.

152 1037 188 1074 p.
217 1026 282 1066 75.
329 1024 598 1077 Thucydidem
628 1024 824 1062 devoravit
854 1023 996 1074 Agath.
1033 1024 1183 1074 Smyrn.
1212 1023 1238 1062 l.
1268 1025 1307 1062 2.
1337 1023 1386 1060 de
1418 1023 1606 1064 Chosroe.

143 1086 232 1124 ’Ότι
251 1102 337 1125 ποτε
358 1091 507 1133 καείσης
537 1096 602 1133 τῆς
630 1086 881 1135 βιβλιοθήκης
909 1087 949 1123 ἐν
973 1086 1161 1132 Ἀθήναις
1190 1087 1248 1123 καὶ
1279 1093 1512 1134 συγκαεισῶν
1539 1094 1611 1124 τῶν

153 1149 322 1199 ἱστοριῶν
349 1147 584 1194 Θουκυδίδου,
615 1149 726 1186 αὐτὸν
753 1150 869 1198 μόνον
897 1149 1224 1199 ἀπομνημονεῦσαι
1253 1153 1398 1192 πασῶν,
1425 1149 1484 1184 καὶ
1517 1149 1612 1186 οὕτω

151 1218 621 1262 μεταγραφῆναιποιῆσαι.
679 1209 815 1246 Arsen.
845 1209 1050 1247 Monemb.
1089 1208 1219 1260 Episc.
1250 1209 1288 1246 in
1318 1208 1612 1259 Apophthegrn.

153 1270 368 1308 Marcellus
391 1269 439 1322 [f.
469 1269 744 1321 Marcellinus]
776 1269 977 1322 descripsit
1007 1269 1277 1320 Thucydidem
1307 1270 1442 1308 octies.
1500 1269 1609 1308 Nau-

150 1332 257 1370 daeus
278 1333 327 1370 de
346 1332 594 1371 bibliotheca.
636 1334 760 1370 Hence
772 1333 929 1382 perhaps
944 1332 1003 1369 tlze
1021 1331 1132 1381 Story
1154 1331 1201 1382 of
1212 1330 1483 1369 Demosthenes'
1499 1332 1608 1382 doing

147 1408 199 1431 so.
255 1394 434 1444 Strengtlz.
462 1394 508 1446 <ff
529 1395 707 1443 Illemory.
763 1392 996 1431 AdversarIa
1022 1399 1167 1431 nostra.
1224 1393 1394 1430 Brown’s
1435 1393 1606 1432 Clerum.

147 1456 270 1508 Bayle
290 1456 327 1493 in
350 1457 534 1495 Hadrian.
555 1463 594 1494 et
613 1456 685 1494 Dr.
708 1456 755 1494 T.
778 1456 918 1494 Fuller.
935 1455 1034 1493 Plin.
1051 1455 1127 1505 Ep.
1145 1455 1214 1492 VI.
1236 1455 1287 1492 II.
1320 1455 1486 1493 Tzetzes
1505 1454 1606 1494 Chil.

150 1521 185 1556 1.
207 1532 241 1557 c.
267 1522 328 1558 ll.
370 1519 511 1557 Cicero
535 1522 569 1558 1.
601 1518 759 1557 Tuscul.
786 1517 934 1556 Mureti
963 1518 1054 1555 Var.
1081 1517 1196 1555 Lect.
1255 1516 1429 1554 Salmasii
1459 1516 1610 1554 remini-

145 1580 292 1618 scentia
320 1579 566 1619 incredibilis.
587 1594 622 1619 v.
644 1580 772 1618 Vitam
801 1583 895 1628 ejus.
924 1579 979 1618 H.
1011 1578 1152 1617 Grotii.
1172 1592 1208 1617 v.
1236 1578 1496 1616 Borremansii
1523 1591 1604 1617 var.

145 1641 238 1680 lect.
260 1643 362 1693 apud
384 1643 499 1681 Cren.
522 1642 726 1679 Animadv.
757 1640 949 1692 Philolog.
970 1647 1010 1679 et
1027 1641 1160 1678 histor.
1178 1640 1223 1678 P.
1246 1640 1275 1677 I.
1296 1653 1333 1691 p.
1356 1643 1393 1678 1.
1450 1640 1607 1691 Cyneas

147 1703 370 1749 Thessalus,
387 1703 666 1742 Demosthenis
685 1702 832 1741 assecla
852 1710 890 1740 et
909 1701 1059 1740 auditor
1077 1709 1185 1740 tanta
1203 1701 1239 1739 vi
1260 1700 1453 1739 memoriae
1472 1701 1606 1739 excel-

144 1764 229 1811 luit,
246 1772 288 1803 ut
304 1766 441 1805 missus
458 1779 480 1803 a
494 1765 658 1818 Pyrrho,
673 1764 919 1816 Epirotarum
938 1777 1045 1815 rege,
1067 1764 1234 1801 Romam
1252 1763 1403 1813 legatus
1423 1762 1470 1800 de
1490 1775 1603 1813 pace,

141 1840 219 1864 uno
249 1827 311 1866 die
343 1828 571 1866 Senatorum
600 1827 768 1866 omnium
795 1826 952 1864 nomina
979 1826 1061 1864 sine
1089 1825 1379 1864 nomenclatore
1407 1825 1602 1864 recitaret.

144 1889 345 1929 Plutarch.
377 1891 414 1928 in
453 1891 617 1943 Pyrrho,
654 1889 738 1928 Cic.
778 1889 811 1927 I.
842 1889 962 1927 Tusc.
1018 1889 1216 1927 Memorat
1254 1886 1390 1926 suidas
1419 1887 1604 1925 Nonnum

142 1954 334 2003 quendam
355 1955 571 2005 (auctorem
600 1953 887 2004 metaphraseos
914 1952 1116 2003 Evangelii
1145 1952 1198 1990 D.
1228 1950 1383 1989 Ioannis
1403 1950 1598 2001 intelligit.

141 2015 317 2054 Bonifac.
338 2016 426 2055 XV.
443 2020 482 2056 6.
513 2011 698 2054 Historiae
714 2015 911 2062 Ludicrae)
927 2015 1054 2053 sexies
1070 2014 1379 2052 Demosthenem
1395 2013 1602 2052 devorasse

141 2085 274 2116 totum.
307 2077 521 2130 ἐκμαθόντα
541 2078 659 2125 ἑξάκις
678 2077 768 2115 ὅλον
787 2078 850 2115 τὸν
875 2076 1141 2126 Δημοσθένην,
1163 2076 1256 2129 μηδὲ
1276 2075 1401 2127 διᾷραι
1421 2075 1461 2113 τὸ
1480 2077 1602 2126 στόμα

141 2139 328 2179 δύνασθαι
346 2143 436 2191 πρός
457 2157 500 2189 γε
520 2143 646 2189 λόγων
664 2141 827 2178 ἐπιεικῶν
843 2139 1033 2177 σύνθεσιν.
1075 2138 1275 2189 Anonymi
1295 2138 1374 2174 vita
1393 2137 1605 2176 Demosth.

142 2215 191 2238 ex
212 2202 307 2239 bibl.
324 2202 426 2252 regis
445 2202 770 2240 Christianissimi.
791 2201 913 2239 Hadr.
935 2199 1073 2239 Junius
1091 2200 1271 2238 Animad.
1290 2199 1321 2238 I.
1337 2202 1376 2237 4.
1406 2199 1605 2238 Memorat

143 2264 278 2302 Suidas
299 2277 320 2301 e
342 2264 568 2311 Damascio,
592 2263 811 2301 Sallustium
831 2263 1023 2313 quendam
1045 2263 1236 2300 orationes
1260 2262 1377 2300 Dem.
1399 2260 1598 2312 δημοσίους

138 2326 332 2364 memoriae
355 2326 570 2364 mandasse.
616 2324 818 2363 Sallustius
839 2337 927 2361 cum
949 2323 1178 2374 Thucydide
1199 2323 1507 2361 Demosthenem
1527 2323 1600 2360 sibi

135 2389 363 2426 imitandum
396 2388 606 2441 proposuit.
655 2386 814 2429 Quintil.
852 2386 900 2424 X.
943 2389 977 2424 l.
1028 2387 1181 2424 Seneca
1218 2385 1291 2424 IX.
1333 2385 1517 2423 Controv.
1561 2389 1597 2423 1.

140 2451 323 2489 Schottus
352 2452 402 2488 ad
433 2452 596 2488 Senecae
625 2450 767 2487 rhetor.
798 2457 971 2486 controv.
1030 2448 1230 2486 Sallustius
1258 2447 1419 2485 aemulus
1448 2447 1598 2485 Demo-

137 2513 282 2551 sthenis
304 2511 453 2550 Gellius
474 2515 512 2550 2.
534 2514 598 2552 27.
632 2511 833 2549 Sallustius
862 2518 996 2548 auctor
1023 2510 1123 2562 apud
1154 2511 1268 2548 Phot.
1301 2510 1401 2548 Bibl.
1432 2523 1470 2560 p.
1501 2512 1595 2550 570.

135 2574 332 2612 Damascii
354 2573 553 2624 Excerpta
573 2573 675 2624 apud
697 2573 813 2612 Phot.
832 2573 917 2610 cod.
938 2575 1029 2611 242.
1088 2573 1272 2610 Damasc.
1300 2571 1341 2609 in
1360 2571 1438 2609 vita
1461 2571 1594 2609 Isidori

138 2638 289 2674 Snidas.
321 2636 473 2676 Fabric.
496 2636 542 2672 Β.
564 2635 614 2673 G.
639 2635 685 2672 T.
708 2635 739 2672 Ι.
761 2649 799 2686 p.
821 2637 911 2675 870.
933 2636 1023 2674 871.
1055 2634 1204 2672 Gellius
1226 2634 1275 2671 de
1297 2632 1478 2670 Sertorio.

191 2702 251 2737 16.
284 2697 424 2735 Noster
445 2696 685 2748 Thucydidis
706 2696 880 2733 aemulus.
929 2695 1093 2746 Dionys.
1121 2695 1249 2732 Halic.
1269 2694 1424 2745 passim.
1459 2695 1593 2746 Ulpia-

135 2773 206 2796 nus
225 2759 332 2810 praef.
364 2758 602 2796 Scholiorum
626 2758 741 2794 Dem.
763 2756 923 2808 Olynth.
944 2759 982 2795 2.
1011 2758 1122 2794 Ἀλλ’
1149 2755 1250 2807 οἶμαι
1278 2761 1342 2794 νῦν
1366 2756 1436 2807 μὲν
1467 2762 1594 2795 σκοπεῖ

135 2821 366 2873 -Thueyd,
390 2821 412 2857 l.
427 2824 464 2859 3.
486 2826 580 2858 orat.
604 2818 774 2858 Cleonis.
796 2819 899 2857 ε’ἰωὲε
913 2819 952 2857 δὲ
972 2825 1042 2857 τῶν
1057 2821 1214 2857 πόλεων.
1233 2830 1346 2869 quam
1368 2817 1479 2856 etiam
1497 2822 1592 2867 γνώ-
