1824 3171
573 187 576 190 ’
600 186 682 232 AD
712 191 1178 231 DEMOSTHENEM.
1532 192 1624 232 cxxi

150 298 440 352 sessim—that
467 303 569 333 e'rror
599 306 683 343 very
702 296 856 334 ancient.
916 297 1013 334 Paul
1042 311 1064 334 a
1094 296 1559 347 tentmaker‚—s2‘milm=ity
1581 299 1629 347 of

162 361 293 400 Jewisl.
311 360 385 397 ancl
400 358 583 395 Athenian
603 358 961 407 castonis—Lysias
980 359 1062 409 kept
1089 373 1110 395 α
1137 358 1620 396 warehouse.--Timarchus

161 437 182 460 a
198 433 344 465 weaver,
366 434 387 458 a
406 420 621 457 shoemalser.

211 487 247 522 3.
278 483 410 520 Mater
443 481 642 525 Cleobula,
674 480 752 519 filia
783 482 962 534 Gylonis.
1011 483 1115 534 Gylo
1138 481 1253 520 Ponti
1283 480 1468 532 oppidum
1498 481 1620 532 Nym-

154 544 308 596 phaeum
327 543 501 581 hostibus
521 542 735 594 prodidisse
755 544 907 583 dicitur.
947 545 1046 583 Inde
1070 544 1183 583 exsul
1203 543 1294 581 etin
1315 542 1512 594 Scythiam
1533 555 1620 593 pro-

153 606 294 651 fectus,
310 618 468 643 uxorem
488 606 687 644 barbaram
702 606 741 643 in
755 606 1038 644 matrimonium
1055 606 1180 656 duxit,
1197 617 1248 644 ex
1264 617 1390 656 eaque
1406 604 1502 642 duas
1522 604 1618 642 filias

152 667 336 718 suscepit.
356 681 443 718 quae
463 667 614 706 nubiles
635 668 815 709 Athenas
836 668 962 707 missae
983 682 1070 706 cum
1091 668 1238 719 ingenti
1254 668 1359 713 dote,
1382 666 1504 705 altera
1525 666 1618 703 Phi-

149 728 310 776 lochari‚
332 730 420 769 NB.
439 730 563 768 altera
582 730 842 769 Demostheni
861 731 1045 769 nubebat.
1075 730 1160 769 Nos
1181 738 1220 769 et
1241 730 1415 768 Gronov.
1437 729 1486 766 ad
1509 728 1617 767 Suid.

149 804 185 829 v.
206 790 349 830 Γύλων.
380 791 550 830 Toureill
570 792 618 830 T.
641 792 695 830 II.
716 806 756 844 p.
777 795 870 834 476.
910 792 997 831 Dos
1026 793 1156 831 matris
1186 791 1467 844 quinquaginta
1493 791 1619 830 minae.

149 852 293 892 Noster
312 868 347 894 c.
365 855 571 906 Aphobum
588 855 620 892 I.
642 855 928 907 ἀνδραποδώδης
940 857 998 892 καὶ
1013 855 1195 907 μονονοὺκ
1214 855 1439 905 ἐστιγμένος
1459 855 1617 905 αὐτόμο-

147 917 228 962 λος,
260 916 475 956 AEschines.
496 920 561 956 38.
583 919 648 956 26.
670 917 732 955 ed.
757 916 954 968 Stephani.
997 917 1257 955 Demosthenes
1276 916 1325 967 of
1347 915 1523 965 Scythiam
1546 928 1616 964 pa-

144 984 297 1029 rentage
330 979 481 1018 Suidas.
511 979 647 1027 AEsch.
676 993 712 1018 c.
743 979 916 1031 ctesiph.
960 979 1110 1031 Scytha
1143 979 1331 1030 impurus,
1377 977 1615 1017 Dinarchus.

145 1038 277 1079 Γύλων
296 1039 403 1085 οὗτος
417 1042 543 1080 αἰτίαν
565 1044 664 1094 ἔχων
684 1043 748 1080 ἐπὶ
765 1045 809 1097 τῇ
837 1047 901 1080 τοῦ
918 1041 1121 1094 Νυμφαίου
1140 1046 1203 1079 τοῦ
1223 1042 1264 1079 ἐν
1279 1040 1413 1093 Πόντῳ
1434 1039 1614 1091 προδοσίᾳ

143 1100 292 1158 ἔφυγεν.
314 1106 434 1142 ἐλθὼν
455 1104 482 1142 δ’
501 1107 555 1147 εἷς
574 1103 755 1150 Σκυθίαν,
783 1104 914 1154 ἔγημε.
935 1104 997 1142 δύο
1018 1103 1046 1141 δ’
1074 1106 1174 1155 ἔχων
1202 1105 1423 1154 θυγατέρας,
1450 1103 1615 1153 ἔπεμψεν

143 1166 196 1207 εἷς
209 1167 276 1211 τὴν
295 1165 466 1216 πατρίδα,
484 1164 537 1204 οἷν
557 1169 625 1212 τὴν
643 1167 714 1216 μὲν
733 1166 826 1216 μίαν
842 1165 958 1217 ’ἔγημε
973 1165 1202 1216 Φιλοχάρης,
1219 1167 1285 1210 τὴν
1303 1164 1331 1201 δ’
1343 1164 1473 1214 ἑτέραν
1492 1163 1612 1201 Κλεό-

141 1220 294 1273 βουλος.
326 1226 479 1265 Suidas.
525 1227 631 1266 Who
646 1227 678 1265 is
703 1227 778 1265 this
801 1225 1035 1266 Cleobulus?
1067 1226 1268 1264 Meursius
1289 1225 1406 1264 Lect.
1429 1226 1516 1262 Att.
1541 1225 1612 1263 VI.

139 1289 206 1326 29.
239 1287 335 1338 legit
362 1288 601 1341 Δημοχάρης.
650 1287 881 1343 Δημοχάρης
910 1288 1010 1344 ’έχων
1041 1288 1209 1340 ἀδελφήν
1238 1297 1303 1333 τῆς
1333 1288 1426 1338 ἐμῆς
1458 1287 1611 1338 μητρὸς,

140 1348 331 1400 θυγατέρα
352 1350 392 1388 δὲ
413 1350 603 1394 Γύλωνος.
637 1351 759 1389 Dem.
781 1364 818 1389 c.
839 1350 1048 1402 Aphobum
1067 1352 1105 1388 2.
1137 1349 1220 1387 Nos
1250 1350 1300 1387 ad
1321 1349 1549 1387 AEschinem
1572 1363 1611 1401 p.

138 1414 205 1451 60.
228 1412 288 1450 ed.
308 1412 443 1464 Steph.
465 1413 750 1459 Demochares,
772 1412 1053 1451 Demosthenis
1085 1411 1350 1450 consobrinus.
1382 1411 1611 1450 Athenaeus.

139 1472 269 1511 Demo
290 1474 525 1514 Paeaniensis
540 1475 808 1514 Demochares
825 1488 882 1513 or.
896 1488 932 1513 c.
950 1474 1145 1513 Neaeram.
1161 1481 1252 1512 nota
1266 1474 1388 1512 varias
1407 1473 1610 1512 lectiones.

139 1535 290 1585 ΝῙητρὸς
309 1539 428 1587 πατὴρ
447 1542 508 1575 τοῦ
527 1538 682 1590 ῥήτορος
701 1537 747 1583 ἦν
766 1537 960 1589 Κεραμεύς
981 1553 1036 1580 τις
1054 1535 1201 1574 Γύλων.
1226 1536 1393 1574 Tzetzes
1415 1535 1515 1574 Chil.
1538 1536 1610 1575 VI.

139 1610 174 1635 c.
196 1599 260 1639 37.
289 1598 353 1636 ubi
373 1599 490 1650 vulgo
510 1598 679 1638 Γλύκων.
700 1598 904 1638 AEschines
925 1611 960 1638 c.
984 1598 1163 1649 Ctesiph.
1184 1597 1316 1636 Γύλων
1336 1599 1374 1635 ἐκ
1392 1598 1610 1649 Κεραμέων.

136 1656 422 1700 Demosthenes
451 1675 538 1701 cum
557 1662 591 1701 ei
612 1663 770 1714 quidam
790 1661 1012 1713 objecisset,
1033 1669 1156 1700 matre
1180 1661 1328 1713 Scytha
1356 1668 1488 1700 natum
1509 1675 1606 1708 esse,

135 1735 213 1760 non
230 1723 378 1762 miraris
398 1724 528 1775 igitur,
550 1725 658 1776 quod
683 1725 830 1776 Scytha
849 1731 971 1762 matre
990 1724 1157 1763 barbara
1175 1732 1302 1770 natuS,
1324 1731 1403 1761 tam
1423 1725 1548 1762 bonus
1569 1731 1609 1762 et

133 1784 304 1824 clemens
332 1786 550 1824 evaserim?
581 1786 706 1826 Rutil.
737 1787 874 1838 Lupus
904 1786 954 1824 de
982 1785 1050 1837 fig.
1083 1793 1252 1825 sentent.
1283 1786 1310 1823 l.
1340 1788 1380 1824 ⁶2.
1411 1782 1607 1824 Timothei

133 1846 280 1885 dictum
296 1848 549 1887 scitissimum.
608 1849 714 1891 Quid
734 1848 765 1886 si
795 1847 1066 1899 evigilassem?
1097 1848 1270 1886 Omnino
1291 1847 1491 1886 Plutarch.
1510 1861 1607 1900 prae-

132 1916 235 1960 cept.
263 1910 370 1961 polit.
401 1925 440 1963 p.
467 1913 559 1950 390.
591 1911 654 1950 ed.
684 1924 826 1962 graecae
858 1910 975 1949 Basil.
1006 1910 1072 1949 ubi
1100 1912 1335 1955 ἀπαντήσεις
1364 1912 1603 1960 ἀντεπιστρέ-

132 1971 280 2015 φουσαι.

183 2029 222 2064 4.
255 2025 386 2064 Domo
405 2026 625 2070 Παιανιεύς.
681 2027 729 2064 In
755 2027 856 2066 tribu
879 2025 1094 2065 Pandionia
1110 2025 1269 2064 Paeania
1288 2025 1466 2077 superior
1485 2034 1525 2064 et
1544 2026 1602 2064 in-

131 2087 260 2126 ferior.
284 2088 402 2139 Spon.
431 2089 625 2140 Harpocr.
657 2090 807 2128 Meurs.
828 2090 878 2128 de
907 2089 1061 2140 populis
1095 2095 1164 2126 att.
1190 2087 1231 2126 in
1260 2088 1404 2127 Παιαν.
1434 2088 1598 2126 Lucian.

131 2149 330 2188 Brodaeus.
359 2150 530 2189 Miscell.
553 2151 602 2188 V.
628 2155 667 2190 5.
689 2153 840 2190 Ascon.
871 2151 1036 2190 Pedian.
1066 2157 1144 2189 act.
1163 2153 1204 2188 2.
1232 2149 1273 2188 in
1291 2151 1404 2188 Verr.
1425 2149 1510 2188 Cic.
1533 2150 1604 2187 IX.

130 2210 293 2263 Philipp.
324 2212 390 2250 ubi
422 2212 507 2251 Ser.
539 2212 731 2264 Sulpicius
763 2215 811 2256 Q.
834 2213 878 2252 F.
906 2212 1097 2251 Lemonia
1128 2212 1269 2250 Rufus.
1298 2225 1333 2249 v.
1364 2211 1599 2250 Adversaria

129 2273 285 2312 Nostra.
315 2274 411 2313 Did.
439 2275 676 2313 Covarruvia
704 2289 782 2314 var.
814 2275 992 2313 Resolut.
1022 2275 1048 2313 l.
1076 2279 1115 2313 4.
1146 2275 1190 2313 P.
1213 2274 1365 2312 Manut.
1397 2273 1447 2311 ad
1468 2274 1597 2312 Cicer.

128 2335 243 2374 VIII.
264 2337 400 2375 Famil.
421 2341 487 2377 30.
517 2337 657 2376 Onufr.
674 2337 799 2376 Panu.
813 2336 1012 2375 ΠΥΛΙΜ.
1034 2336 1257 2387 VVesseling
1278 2336 1456 2374 Marmor
1477 2336 1602 2374 Sand-

126 2397 197 2435 vic.
234 2398 476 2448 Ἀριστοκλῆς
493 2401 777 2449 Ἀριστοκλέους
796 2399 954 2446 Οἱῆθεν.
988 2399 1174 2438 Claudius
1196 2399 1243 2437 C.
1266 2398 1309 2436 F.
1332 2397 1512 2436 Palatina
1533 2398 1599 2436 Ci-

127 2472 218 2497 cero
237 2465 274 2499 4.
295 2461 334 2498 in
356 2461 468 2499 Verr.
499 2462 650 2500 Ascon.
683 2462 735 2500 ad
762 2462 838 2501 loc.
869 2464 918 2505 Q.
939 2464 1104 2501 Verrem
1134 2460 1315 2498 Romilia.
1348 2459 1475 2499 Cicer.
1497 2462 1533 2498 2.
1555 2460 1596 2496 in

127 2522 237 2560 Verr.
269 2524 417 2562 Ascon.
453 2524 514 2563 M.
543 2524 724 2563 Mucium
754 2524 815 2563 M.
838 2525 883 2562 F.
903 2524 1061 2563 Galeria
1090 2523 1263 2561 Felicem
1292 2522 1392 2560 Plin.
1414 2521 1506 2560 VII.
1528 2525 1595 2561 48.

125 2586 236 2635 φυλή.
259 2585 385 2636 δῆμος.
408 2586 615 2638 δήμαρχος.
651 2586 804 2624 Tribus·
825 2587 943 2625 curia.
975 2587 1096 2626 curio.
1146 2585 1264 2624 Curio
1293 2584 1474 2635 legitimis
1503 2591 1596 2622 tunc

126 2647 351 2686 Fornacalia
378 2649 505 2687 verbis
536 2648 738 2687 Maximus
773 2649 921 2695 indicit,
953 2663 1027 2688 nec
1060 2661 1171 2687 sacra
1202 2654 1304 2685 stata
1334 2646 1442 2684 facit.
1476 2646 1594 2684 Ovid.

125 2709 230 2748 Fast.
250 2713 289 2749 2.
346 2711 523 2749 Marmor
558 2711 839 2750 Britannicum.
869 2711 959 2750 Jovi
991 2711 1041 2750 O.
1073 2711 1133 2749 M.
1165 2709 1320 2747 Tanaro
1353 2708 1401 2746 T.
1431 2708 1593 2758 Clupius

126 2771 257 2810 Galer.
288 2773 462 2812 Praesens
481 2774 610 2812 Guna.
632 2781 708 2813 etc.
738 2789 774 2812 v.
805 2774 1006 2812 Maittaire
1033 2773 1235 2811 Marmora
1257 2771 1385 2809 Oxon.
1431 2769 1592 2808 Galeria

126 2833 258 2871 tribus.
306 2835 464 2875 Gruter.
481 2840 571 2876 343.
589 2840 627 2876 3.
650 2837 809 2876 Reines.
824 2837 938 2876 VIII.
962 2836 1132 2874 Fabrett.
1148 2849 1186 2887 p.
1206 2837 1298 2873 338.
1355 2833 1485 2883 Beger
1507 2831 1592 2882 Spi-

127 2894 191 2932 cil.
214 2896 310 2934 Ant.
330 2911 368 2948 p.
392 2902 482 2937 111.
501 2899 679 2938 Praesens
700 2899 876 2938 Marmor
892 2899 1022 2937 Oxon.
1045 2901 1135 2937 180.
1193 2897 1261 2934 See
1276 2896 1447 2944 Horsley.
1481 2892 1591 2944 [Tae-

125 2956 192 2994 det
211 2956 394 3009 pigetque
412 2961 519 3000 istaec
539 2961 631 3001 talia
650 2962 935 3008 transscribere,
958 2968 1038 3000 tam
1057 2959 1233 3006 trivialia,
1253 2965 1330 2996 tam
1351 2956 1489 2994 aliena.
1549 2953 1590 2991 Si

180 3031 277 3057 vor..
310 3032 338 3061 ι,
844 3039 865 3074 q
