1824 3171
552 163 627 201 AD
659 162 1121 201 DEMOSTHENEM.
1451 167 1561 204 ccxxi

111 279 160 306 ex
186 265 389 305 Codicibus
404 265 597 319 impressis
616 279 780 305 manuve
798 267 946 318 scriptis
966 266 1144 312 elicuisti,
1171 272 1237 305 aut
1254 279 1333 305 non
1351 268 1501 315 saltem,
1521 277 1564 307 ut

109 327 320 366 istiusmodi
341 328 389 365 de
416 328 661 365 Variantibus
682 328 932 366 Lectionibus
962 327 1322 379 disceptatiunculae
1349 329 1398 366 ad
1417 330 1564 367 calcem

109 388 330 438 rejiciantur
358 388 494 439 operis,
525 395 707 439 exoptat;
741 402 838 427 neve
871 389 914 427 iis
954 389 1090 426 Editor
1124 403 1210 426 cum
1241 389 1564 428 Annotationibus

109 462 193 498 quae
222 449 271 486 ad
301 450 515 493 Auctorem
547 450 673 500 ipsum
705 451 898 500 pertinent
930 450 1211 497 illustrandum,
1245 450 1470 499 conjunctis,
1506 464 1566 488 re-

109 510 280 559 stinguat
299 510 458 556 animos,
480 524 576 561 quos
595 511 774 549 ardentes
795 512 1021 563 acceperit?

167 571 282 613 Quod
303 572 352 609 ad
373 572 494 609 Notas
521 572 670 618 attinet,
701 586 834 610 earum
863 587 1042 624 magnam
1071 586 1163 612 sane
1193 581 1345 623 partem
1372 585 1420 610 ex
1450 573 1566 610 Com-

109 633 303 672 mentariis
324 633 511 684 descripsi
530 634 646 685 longe
666 635 931 674 eruditissimis
961 636 1122 674 Joannis
1144 636 1302 687 Taylori
1320 649 1328 672 :
1361 638 1470 685 cujus
1491 648 1565 685 ego

106 694 283 732 laudibus
312 694 478 732 libenter
497 694 697 745 indulgere
717 696 844 742 velim,
865 696 1054 746 siquidem
1084 695 1121 732 id
1150 703 1217 733 aut
1238 695 1414 733 destinati
1443 696 1567 745 operis

108 755 296 805 angustiae
331 762 566 805 paterentur,
595 762 659 793 aut
684 756 803 807 ipsius
835 757 970 808 utique
999 756 1163 794 hominis
1192 756 1568 807 pervulgatissimum

109 817 215 868 apud
247 817 416 855 literatos
456 830 586 855 omnes
624 831 764 856 nomen
798 826 838 856 et
876 819 1090 857 celebritas.
1149 819 1446 863 Annotationes,
1481 831 1568 868 quae

109 877 262 916 aliunde
277 885 472 928 petuntur,
494 878 663 929 singulas
678 879 858 927 <subinde
879 880 1077 918 brevitatis
1099 893 1216 917 causa
1235 879 1273 916 in
1294 879 1567 930 compendium

108 939 226 983 actas)
246 940 428 977 Auctoris
447 940 600 977 nomine
620 940 766 990 signavi
783 954 791 977 :
820 941 1002 992 plurimas
1021 941 1069 978 de
1089 941 1245 992 proprio
1264 954 1366 991 penu
1388 941 1567 991 deprom-

109 1001 194 1051 psi:
225 1001 541 1052 Interpretationi
562 1001 728 1051 denique
757 1014 890 1039 omnes
911 1001 1070 1051 subjeci,
1090 1002 1317 1039 Graecarum
1342 1002 1570 1052 paginarum

110 1062 228 1100 titulis
248 1063 471 1113 inscriptas:
507 1070 551 1100 ut
579 1075 705 1114 neque
725 1063 851 1114 tyroni
870 1063 1026 1101 foveant
1050 1063 1338 1113 negligentiam,
1366 1063 1395 1100 si
1421 1070 1570 1100 textum

110 1124 351 1170 comitentur,
373 1137 500 1174 neque
519 1125 678 1162 seorsim
699 1125 821 1175 (quod
850 1125 1040 1174 usitatius)
1060 1125 1259 1174 relegatae,
1285 1125 1484 1174 negotium
1512 1125 1572 1162 fa·-

110 1192 274 1224 cessant.
332 1185 600 1235 Archaeologia
628 1185 666 1222 in
693 1186 752 1223 his
774 1186 1069 1224 Commentariis
1089 1192 1128 1223 et
1149 1185 1323 1222 Historia
1341 1185 1493 1235 parcius
1513 1193 1570 1222 at-

108 1247 319 1296 tinguntur,
354 1259 442 1284 cum
477 1246 579 1283 illam
617 1247 772 1298 quidem
807 1248 1000 1293 Potterus‚
1037 1248 1138 1284 hanc
1171 1260 1275 1292 vero,
1304 1254 1491 1296 quantum
1520 1247 1570 1284 ad

109 1320 241 1345 earum
260 1321 346 1358 quae
365 1307 428 1345 hic
448 1315 664 1345 tractantur
683 1322 810 1346 rerum
830 1308 1006 1346 notitiam
1026 1308 1116 1346 satis
1138 1308 1199 1353 sit,
1231 1307 1389 1357 egregie
1410 1307 1572 1345 adorna-

107 1370 161 1407 vit
186 1370 226 1406 in
246 1370 336 1407 Vita
354 1370 520 1421 Philippi
540 1369 737 1409 Lelandus
764 1378 918 1409 noster:
952 1369 1054 1421 quod
1080 1383 1173 1407 sane
1203 1370 1445 1407 utilissimum
1475 1382 1569 1420 opus

109 1431 248 1468 iterum
275 1445 321 1469 ac
351 1432 506 1482 saepius,
537 1445 598 1469 me
625 1433 773 1481 judice,
794 1432 975 1477 versabit,
1006 1431 1174 1482 quisquis
1201 1431 1251 1469 ad
1283 1431 1353 1469 hos
1379 1444 1570 1482 perennes

112 1492 356 1544 Eloquentiae
375 1493 501 1532 fontes
520 1494 594 1531 rite
610 1494 779 1532 imbutus
794 1495 1080 1544 instructusque
1099 1493 1205 1531 volet
1225 1492 1424 1532 accedere.

368 1695 793 1744 JUVENTUTI
829 1695 1302 1747 ACADEMICAE

697 1847 982 1887 SALUTEM.

165 1969 405 2007 INTEGRAM
426 1969 528 2007 hanc
549 1968 778 2007 Orationum
808 1970 946 2007 seriem
971 1982 1067 2020 quas
1094 1967 1385 2006 Demosthenes
1412 1965 1451 2002 in
1480 1965 1570 2002 Phi-

110 2030 256 2081 lippum
275 2031 422 2075 habuit,
436 2044 508 2067 nec
520 2031 694 2068 inutilem
706 2031 790 2068 fore
806 2031 1000 2076 duximus,
1017 2043 1090 2067 nec
1107 2030 1214 2067 vobis
1229 2030 1419 2078 ingratam
1437 2040 1445 2063 ε
1475 2041 1571 2078 pree-

112 2092 256 2137 sertim,
284 2105 372 2129 cum
402 2091 703 2142 Philippicarum
733 2092 900 2137 libellus,
931 2091 995 2142 qui
1030 2090 1213 2128 Glascuis
1242 2089 1384 2140 prodiit
1410 2101 1488 2127 non
1519 2088 1573 2125 ita

110 2153 268 2204 pridem,
297 2167 384 2205 spes
403 2160 549 2191 vestras
575 2166 733 2205 prorsus
759 2153 922 2198 fefellit;
960 2153 1109 2190 mendis
1138 2165 1278 2203 nempe
1307 2150 1569 2202 compluribus

110 2214 343 2266 inquinatus.
401 2216 588 2254 Codicem
618 2216 896 2254 Morellianum
922 2215 1131 2266 praecipue,
1153 2214 1249 2252 alios
1270 2213 1436 2251 melioris
1455 2218 1571 2258 notae,

110 2290 397 2328 nonnunquam,
418 2278 676 2328 expressimus
696 2291 708 2316 z
747 2277 838 2328 quin
859 2283 897 2315 et
914 2277 1051 2315 harum
1065 2276 1289 2321 lectionum,
1309 2288 1403 2326 quas
1424 2287 1445 2312 e
1466 2274 1572 2312 codi-

112 2338 220 2377 cibus
246 2339 513 2390 manuscriptis
541 2339 699 2390 collegit
729 2339 947 2386 Morellius,
973 2339 1156 2390 pauculas
1175 2337 1407 2376 admisimus.
1463 2336 1572 2387 Ipsas

111 2400 318 2438 Orationes
339 2413 386 2438 eo
403 2401 560 2439 tandem
581 2401 712 2439 ordine
732 2401 934 2452 dispositas
949 2400 1151 2439 invenietis
1173 2413 1320 2444 omnes,
1341 2412 1455 2450 quern
1471 2411 1572 2449 prae-

110 2462 232 2499 finivit
252 2462 462 2513 Dionysius
485 2462 802 2501 Halicarnasseus
822 2463 859 2499 in
879 2462 1046 2514 epistola
1065 2475 1134 2500 sua
1153 2462 1204 2500 ad
1223 2462 1458 2498 Ammaeum.
1508 2459 1570 2495 In-

109 2523 387 2575 terpretatione
414 2524 557 2561 utimur
572 2524 789 2570 Wolfiana;
825 2537 871 2562 ea
892 2537 981 2562 vero
1000 2523 1174 2575 plurimis
1193 2523 1233 2560 in
1252 2522 1349 2560 locis
1370 2520 1570 2571 castigata,

110 2586 177 2622 ubi
196 2585 366 2623 authoris
388 2599 543 2624 sensum
561 2593 627 2624 aut
656 2587 780 2624 minus
807 2590 1005 2632 accurate,
1033 2592 1100 2623 aut
1124 2597 1328 2636 perperam
1356 2582 1571 2620 reddidisse

107 2647 273 2685 videtur.
330 2647 395 2693 Et,
418 2654 461 2685 ut
479 2648 636 2685 subsidii
654 2648 799 2700 aliquid
819 2654 1011 2699 praeterea
1028 2647 1138 2685 vobis
1159 2646 1328 2692 adesset,
1349 2644 1475 2682 Notas
1506 2644 1572 2681 ad-

107 2707 281 2756 jecimus,
307 2721 451 2759 paucas
474 2711 556 2757 jam
584 2709 750 2760 primum
780 2709 917 2755 editas,
947 2709 1129 2760 plurimas
1159 2714 1289 2745 autem
1317 2719 1365 2744 ex
1390 2706 1447 2751 iis,
1475 2717 1568 2755 quas

111 2768 310 2817 praebuere
338 2769 538 2820 Ulpianus,
560 2770 740 2816 Wolfius,
768 2770 999 2822 interpretes
1021 2769 1164 2807 Gallici
1185 2767 1406 2806 Tourellius
1427 2774 1465 2804 et
1486 2765 1569 2802 Oli-

112 2834 234 2874 vetus,
260 2843 412 2868 necnon
438 2831 692 2870 Mountneius
719 2839 862 2878 noster,
890 2832 945 2869 vir
975 2831 1097 2869 literis
1128 2829 1458 2873 instructissimus,
1490 2826 1568 2877 qui,

112 2900 199 2926 cum
219 2891 320 2942 apud
341 2892 680 2944 Cantabrigienses
711 2901 972 2934 commoratus
992 2900 1063 2942 est,
1084 2892 1339 2944 Philippicam
1358 2889 1567 2929 orationem
