1824 3171
130 90 250 128 lxxxii
698 91 727 129 l.
759 88 1011 128 TAYLORI

188 191 412 230 Laudabilis
443 192 598 244 quidem
628 201 685 232 cst
711 194 832 231 omnis
852 192 1062 230 animorum
1084 190 1296 230 institutio:
1336 200 1463 241 neque
1482 193 1590 226 tanta

135 267 303 306 unquam
319 254 392 291 fuit
407 262 472 292 aut
488 255 524 292 in
541 255 739 293 nascendo
755 254 982 305 ingenuitas,
999 261 1066 292 aut
1081 253 1309 291 conditionis
1325 249 1592 304 praerogativa,

136 317 199 356 cui
219 330 295 355 non
314 317 592 368 aliquantulum
619 317 770 355 addidit
795 317 996 368 perceptio
1016 316 1174 353 istarum
1195 315 1345 360 artium,
1365 326 1458 364 quas
1477 309 1594 362 profi-

134 386 284 423 .temur;
323 379 401 417 sive
431 379 666 417 contulerint
698 379 749 416 ad
778 378 1094 415 exercitationem
1123 376 1408 421 adolescentiae,
1437 373 1516 412 sive
1544 370 1596 409 ad

135 439 349 481 subsidium
361 440 571 478 senectutis
587 453 595 477 :
627 441 706 477 sive
723 440 811 484 sint,
829 438 894 476 ubi
911 438 983 476 Illa
998 444 1088 475 aetas
1105 450 1216 474 suum
1233 437 1352 474 otium
1367 445 1596 473 consumere

138 500 259 552 possit
277 513 365 538 cum
385 501 616 546 innocentia,
646 507 712 538 aut
736 500 822 537 haec
849 511 938 537 cum
968 498 1136 550 quodam
1162 497 1292 535 fructu
1315 495 1594 545 jucunditatis:

133 562 307 612 ‚denique
328 563 406 599 sive
427 562 609 606 tutandis,
630 561 708 599 sive
731 560 910 598 ornandis
936 559 1104 596 moribus
1129 558 1205 596 sint
1225 565 1403 608 repertae.
1459 556 1522 594 Tu
1538 555 1596 592 in-

137 631 247 661 terea
260 636 394 673 parum
411 630 614 660 contentus
627 621 844 660 necessario
860 620 941 667 illo,
958 620 1027 658 sed
1040 620 1280 671 pervulgato,
1296 619 1493 656 literarum
1508 629 1597 662 usu,

137 684 310 722 adtulisti
331 684 379 721 ad
396 684 482 722 haec
502 697 647 734 genera
667 683 881 721 studiorum
900 695 977 719 non
1004 681 1126 732 magis
1156 688 1421 719 ornamentum
1442 677 1599 729 aliquod

139 754 179 784 et
209 745 449 796 dignitatem,
468 759 582 795 quam
610 745 762 784 invidiae
791 744 900 797 quasi
929 744 1136 789 cumulum,
1167 756 1254 780 cum
1284 751 1597 792 unumquemque

137 815 324 852 nostrum,
346 807 412 857 qui
433 807 482 844 ad
505 807 676 858 singulas
706 805 931 844 eruditionis
957 804 1108 856 species
1139 816 1417 855 comparamur,
1448 807 1601 840 tantum

135 876 284 906 naturae
303 867 555 917 benignitate,
584 876 623 905 et
644 868 842 905 industriae
868 867 983 903 laude
1009 865 1291 911 antecellueris,
1324 871 1510 915 quantum
1531 875 1599 900 an-

136 930 299 967 tecellas
319 929 406 966 loco
428 935 467 965 et
486 928 722 966 conditione.
780 928 840 965 Ea
859 926 1134 965 existimatione
1164 939 1252 964 cum
1277 925 1406 963 statim
1426 924 1600 970 floreres,

135 990 329 1040 petebaris
349 1002 372 1027 a
399 989 613 1040 republica,
640 1003 717 1027 non
746 988 793 1026 ab
821 1001 869 1026 ea
898 988 1021 1026 ornari
1049 989 1224 1039 petebas.
1282 987 1525 1025 Consecutus
1558 997 1601 1023 es

137 1051 267 1089 onmia
289 1051 443 1088 honoris
474 1063 519 1088 ac
540 1050 737 1101 dignitatis
766 1050 934 1101 praemia,
963 1057 1078 1100 atque
1108 1062 1155 1087 ea
1174 1048 1327 1099 quidem
1356 1054 1481 1093 aetate,
1512 1058 1601 1098 quae

136 1125 216 1150 non
239 1112 278 1150 in
304 1111 565 1162 adipiscendis
583 1111 801 1156 honoribus,
822 1111 893 1149 sed
912 1111 951 1148 in
971 1110 1096 1149 animo
1115 1110 1312 1161 fingendo,
1333 1109 1496 1147 sollicita
1515 1119 1601 1146 esse

136 1174 249 1212 solet.
306 1173 544 1224 Legationes
577 1174 717 1211 arduas
748 1180 863 1223 atque
884 1173 1111 1223 longinquas
1136 1186 1206 1224 pro
1234 1172 1433 1222 republica
1460 1170 1602 1215 obiisti,

137 1248 227 1273 cum
248 1235 375 1273 adhuc
395 1242 583 1272 maturum
604 1235 724 1272 videri
743 1241 895 1286 poterat
916 1235 964 1272 de
985 1234 1197 1285 primordiis
1218 1234 1336 1272 civilis
1356 1232 1541 1279 scientiae,
1563 1237 1602 1270 et

136 1297 187 1335 de
206 1296 577 1347 rerumpublicarum
605 1296 825 1346 generibus,
844 1296 1012 1333 moribus
1032 1302 1071 1333 et
1089 1295 1271 1333 institutis
1293 1295 1482 1333 meditari.

137 1394 141 1396 ,
194 1360 322 1402 Quam
341 1358 482 1396 deinde
503 1359 627 1397 aetatis
647 1366 796 1409 partem
815 1357 1046 1408 transegisti,
1068 1364 1133 1395 aut
1151 1357 1327 1395 laudibus
1343 1369 1518 1404 vacuam,
1537 1362 1604 1394 aut

138 1421 311 1462 sterilem
327 1419 546 1459 felicitate?
586 1420 675 1458 Non
696 1420 823 1458 civiles
842 1420 1007 1458 rationes
1027 1419 1150 1469 gloria
1169 1425 1396 1457 caruerunt:
1435 1431 1512 1456 non
1533 1418 1603 1456 do-

138 1482 312 1521 mesticae
332 1482 455 1533 gratia
473 1488 513 1519 et
530 1481 699 1520 fortuna.
755 1481 844 1520 Tibi
868 1481 969 1519 enim
1001 1480 1164 1531 publicis
1192 1480 1285 1518 licet
1313 1488 1353 1518 et
1381 1480 1533 1526 muniis,
1563 1485 1603 1517 et

137 1543 349 1581 honoribus
369 1543 569 1588 innutrito,
601 1543 764 1593 elargita
792 1550 851 1581 est
874 1550 1012 1581 natura
1040 1554 1174 1579 omnes
1204 1542 1415 1593 elegantias
1443 1541 1603 1593 privatae

139 1605 350 1650 felicitatis,
371 1604 507 1655 quibus
526 1604 729 1642 fruereris:
771 1604 934 1655 elargita
963 1611 1021 1642 est
1043 1603 1157 1641 etiam
1178 1604 1361 1654 optimam
1382 1610 1502 1641 artem
1520 1601 1602 1640 fru-

139 1667 244 1705 endi,
301 1666 428 1703 Natus
456 1679 603 1704 summo
634 1678 790 1716 genere,
821 1673 986 1717 utroque
1015 1672 1176 1716 parente
1205 1665 1443 1711 nobilitatus,
1478 1676 1603 1715 eaque

137 1742 231 1767 usus
249 1728 471 1767 conditIOne
487 1729 685 1775 nascendi,
698 1735 831 1766 utnon
846 1728 1072 1777 honoribus,
1086 1740 1182 1778 quos
1197 1727 1438 1773 contulimus,
1450 1733 1602 1772 auctus,

138 1804 273 1829 verum
295 1791 345 1828 ad
365 1804 430 1828 eos
451 1791 765 1829 condecorandos
786 1791 911 1829 factus
930 1789 1129 1835 videreris,
1149 1802 1290 1840 magna
1316 1802 1404 1827 cum
1434 1789 1604 1827 omnium

140 1865 222 1903 spe,
243 1865 463 1903 magnaque
491 1852 637 1890 fiducia
663 1854 714 1891 ad
742 1852 1019 1903 rempublicam
1049 1851 1259 1902 gerendam
1287 1851 1493 1889 accessisti.
1553 1850 1605 1887 Et

140 1926 374 1965 quanquam,
393 1926 481 1964 quae
501 1920 637 1951 natura
657 1921 724 1952 aut
752 1914 906 1951 fortuna
933 1914 1127 1959 darentur,
1155 1913 1193 1949 in
1220 1912 1264 1949 iis
1286 1913 1402 1950 rebus
1423 1912 1483 1950 Te
1501 1910 1605 1949 vinci

141 1988 275 2027 posses
295 1988 406 2026 aequo
427 1975 553 2012 animo
571 1975 663 2026 pati,
685 1983 728 2013 ut
746 1975 845 2013 dixit
864 1975 927 2013 ille
948 1975 1162 2020 CRAssns,
1177 1974 1208 2012 si
1227 1981 1358 2011 tamen
1372 1973 1472 2012 vinci
1492 1980 1603 2025 pote-

142 2050 216 2083 ras,
247 2036 341 2074 utile
361 2043 492 2074 tamen
511 2037 584 2074 fuit
603 2037 840 2088 reipublicae,
863 2036 962 2074 sicut
983 2036 1070 2073 Tibi
1091 2035 1313 2086 gloriosum,
1332 2043 1391 2074 tot
1409 2035 1518 2086 quasi
1546 2034 1604 2086 pi-

141 2111 264 2149 gnora
296 2098 537 2144 constantiae,
569 2098 606 2135 in
633 2111 766 2148 regem
795 2098 899 2143 fidei,
931 2098 970 2134 in
991 2097 1266 2148 rempublicam
1298 2096 1535 2143 meritorum,
1565 2096 1605 2134 in

142 2166 304 2209 utraque
317 2160 495 2210 prosapia
508 2161 813 2210 numerari‚qu0t
821 2168 997 2198 numerat
1011 2161 1382 2199 CARTERETORUM
1397 2168 1436 2198 et
1449 2160 1604 2199 GRAN-

144 2233 380 2260 vlLLoRUM
403 2221 552 2258 domus.
597 2221 701 2263 Quid
724 2234 938 2259 memorem
960 2222 1085 2259 Tuum
1106 2235 1294 2260 summum
1314 2223 1604 2275 maximumque

141 2283 329 2321 honorem
341 2282 482 2327 vultus,
501 2281 728 2332 dignitatem
742 2282 829 2327 oris,
845 2290 962 2333 atque
978 2283 1100 2320 aetatis
1113 2291 1292 2334 vegetam
1314 2291 1353 2322 et
1367 2284 1604 2322 indeflexam

143 2343 405 2382 maturitatem
421 2342 439 2378 Ρ
479 2343 584 2385 Quid
604 2343 744 2381 multas
770 2356 1006 2394 magnasque
1027 2345 1346 2391 necessitudines,
1367 2347 1603 2383 urbanorum

144 2404 356 2442 officiorum
377 2403 645 2454 frequentiam,
667 2412 707 2442 et
725 2404 968 2456 politissimas
991 2405 1027 2442 in
1047 2418 1140 2456 agro
1161 2406 1430 2444 rusticationes
1445 2406 1464 2443 Ρ
1499 2406 1605 2444 Rara

140 2466 208 2504 illa
227 2472 267 2503 et
286 2465 438 2503 sincera
458 2465 626 2516 undique
645 2465 823 2511 felicitas,
844 2467 1052 2517 contigisse
1076 2467 1140 2504 uni
1169 2481 1244 2505 non
1264 2469 1384 2518 magis
1403 2468 1442 2505 in
1466 2475 1604 2506 senatu

143 2526 420 2577 eloquentiam,
436 2526 664 2576 gravitatem
681 2526 718 2563 in
739 2527 921 2573 conciliis,
943 2527 980 2564 in
1001 2529 1115 2566 rebus
1135 2529 1295 2579 agendis
1316 2529 1603 2580 experientiam,

144 2601 259 2639 quarn
278 2587 317 2623 in
348 2587 456 2624 aditu
477 2586 718 2633 facilitatem,
738 2588 968 2638 elegantiam
994 2589 1031 2626 in
1063 2590 1342 2640 congressibus,
1369 2590 1407 2627 in
1427 2603 1604 2627 sermone

142 2649 329 2701 leporem,
358 2648 634 2685 humanitatem
663 2648 701 2685 in
730 2649 917 2694 amicitiis,
948 2649 1154 2688 maximam
1184 2651 1350 2702 denique
1381 2651 1603 2701 dignitatem

142 2710 310 2748 maxima
338 2709 519 2747 comitate
549 2710 833 2760 temperatam?
881 2710 1066 2749 Novimus
1097 2712 1155 2749 Te
1185 2712 1266 2763 pari
1297 2712 1513 2750 constantia
1540 2725 1601 2751 res

141 2772 263 2812 serias
284 2772 545 2822 maximasque
567 2779 747 2816 tractare,
771 2780 888 2823 atque
909 2772 977 2810 has
997 2781 1145 2811 nostras
1165 2773 1357 2824 elegantia
1375 2788 1382 2811 :
1417 2774 1602 2811 animum-

144 2846 219 2885 que
241 2833 368 2870 Tuum
390 2845 435 2870 ea
452 2833 651 2871 celeritate
670 2832 757 2872 hinc
775 2833 862 2872 inde
876 2833 1017 2877 delabi,
1034 2842 1075 2872 ut
1091 2833 1242 2873 difficile
1259 2843 1359 2873 esset
1376 2835 1600 2884 dijudicare,
