1824 3171
170 169 303 209 clxxiv
624 170 837 210 REISKII
866 170 1160 210 PRAEFATIO

174 270 429 323 depraedicari
448 279 589 323 queat:
621 273 671 311 de
693 273 963 312 Demosthene
982 273 1141 312 meritus
1161 279 1222 312 est
1241 273 1447 325 Taylorus.
1503 273 1641 313 Insunt.

178 339 307 370 tamen
331 333 421 371 huic
449 347 604 384 quoque
622 333 881 384 pulcherrimo
900 335 1052 386 corpori
1078 334 1134 372 sui
1153 335 1262 380 naevi,
1282 335 1322 372 in
1349 334 1486 385 quibus
1506 348 1637 385 paenes

173 407 236 432 me
256 394 410 445 quidem
424 395 651 446 proecip1111S‚
669 402 709 432 et
728 408 841 445 paene
857 409 966 442 unus,
985 404 1043 434 est
1062 399 1167 443 (nam
1186 404 1415 435 caeterorum
1430 397 1546 436 facile
1567 411 1633 436 ve-

172 454 273 493 niam
301 455 335 493 ei
356 456 540 501 dederim,
571 456 684 506 hujus
713 456 933 506 difficulter)
967 457 1072 507 quod
1101 457 1140 494 in
1169 458 1322 495 edenda
1352 471 1482 509 graeca
1516 459 1636 499 Dein.

168 516 341 555 oratione
361 517 472 554 nimis
493 529 534 554 se
553 529 713 566 segnem
731 524 769 555 et
784 531 961 556 securum
979 518 1150 568 gesserit.
1195 518 1366 557 Textum
1382 520 1634 566 Wolfianum,

167 578 258 616 lima
276 578 386 616 nimis
419 591 536 629 parce
565 579 751 629 adhibita,
781 580 939 618 tradidit
967 580 1092 631 operis
1111 579 1188 618 suis
1218 581 1498 627 recudendum,
1528 583 1635 633 quod

167 646 319 678 textum
336 648 489 679 constat
510 639 680 686 infidum,
701 648 741 678 et
755 640 930 679 vitiosum
947 654 1044 680 esse.
1101 641 1244 680 Paucis
1266 642 1303 679 in
1322 642 1417 679 locis
1441 642 1481 680 id
1501 655 1634 682 emen-

167 701 284 746 davit,
313 701 501 741 lectiones
529 702 750 750 mendosas,
780 717 875 754 quas
904 703 985 754 ipse
1014 703 1053 741 in
1081 703 1181 741 notis
1202 703 1373 748 damnat,
1405 703 1492 741 sivit
1521 704 1633 752 tales,

167 762 299 813 quales
326 770 536 814 repererat,
552 763 658 811 fovit,
681 771 720 803 et
747 765 998 816 propagavit3
1027 778 1114 816 quae
1130 764 1283 803 macula
1302 771 1362 803 est
1379 764 1537 804 homine
1557 766 1633 804 cri-

166 823 244 861 tico
261 824 432 876 indigna.
462 825 612 876 Ecquae
629 837 772 876 magna
789 826 873 864 laus
891 834 1064 865 veterem
1084 826 1254 876 aliquam
1275 825 1499 873 editionem,
1515 826 1630 866 litera

165 898 241 923 non
261 894 420 933 mutata,
436 887 602 925 eandem
618 887 829 938 typothetis
849 888 1113 926 recudendam
1132 888 1224 926 dare
1236 887 1255 924 P
1286 888 1473 938 Reliquos
1488 889 1630 927 tacebo

163 961 306 995 naevos,
329 949 392 1000 qui
412 961 435 986 a
455 947 581 986 multis
600 948 827 1000 magnisque
849 949 1027 987 laudibus
1046 950 1313 988 obscurantur.
1370 949 1506 988 Tertio
1521 949 1630 987 volu-

162 1009 253 1047 mini
272 1009 449 1061 praefatio
469 1009 662 1061 praemissa
682 1010 753 1048 toti
779 1011 887 1062 operi
906 1010 1250 1050 accommodabilis
1271 1017 1343 1056 est,
1364 1023 1428 1057 eo,
1448 1011 1487 1048 ni
1501 1011 1629 1058 fallor,

163 1077 203 1108 ut
218 1084 241 1109 a
260 1071 484 1123 bibliopego
500 1071 589 1110 olim
609 1071 826 1123 aliquando,
849 1085 938 1111 cum
957 1080 1081 1111 totum
1101 1086 1198 1123 opus
1215 1072 1256 1111 in
1275 1073 1402 1111 lucem
1422 1072 1629 1124 prod1sset‚

159 1131 284 1183 primo
300 1133 480 1171 volumini
495 1141 799 1185 praeponeretur.
822 1134 972 1174 Titulus
987 1135 1052 1173 hic
1065 1142 1124 1173 est
1135 1134 1404 1186 Δημοσθένους,
1421 1135 1626 1186 Αἰσχίνου,

162 1195 368 1248 Δεινάρχου
388 1198 448 1234 καὶ
467 1196 642 1245 Δημάδου
669 1199 717 1234 τὰ
745 1198 944 1248 σωζόμενα.
971 1210 1090 1247 groece
1117 1203 1153 1233 et
1173 1197 1295 1233 latine.
1327 1197 1437 1234 edidit
1464 1196 1622 1235 Ioannes

164 1256 312 1305 Ταμὼν,
329 1257 468 1295 LL.D.
487 1258 562 1296 Col.
579 1257 634 1296 D.
651 1257 755 1296 Ioan.
774 1258 881 1296 Cant.
900 1259 1026 1296 Socius
1040 1264 1075 1295 et
1090 1257 1337 1295 Cancellarius
1351 1257 1626 1296 Lincolniensis.

163 1318 434 1370 Cantahrz'gz'oe:
456 1320 550 1369 typis
565 1320 789 1357 academicis,
819 1320 1013 1358 Volumen
1034 1320 1204 1366 tertium,
1225 1319 1331 1370 quod
1350 1319 1515 1370 primum
1535 1333 1624 1370 pro-

159 1379 241 1425 diit,
272 1380 420 1431 implet,
453 1387 563 1419 extra
589 1380 869 1431 praefationem,
891 1382 1053 1432 paginas
1080 1383 1173 1420 662.
1231 1380 1466 1426 Secundum,
1503 1387 1621 1419 aetate

157 1441 370 1487 recentius,
387 1442 545 1492 paginas
561 1444 655 1482 762.
710 1442 947 1480 Dedicatum
967 1449 1026 1480 est
1046 1442 1122 1479 hoc
1141 1454 1237 1492 opus
1265 1440 1503 1478 nobilissimo
1532 1441 1620 1479 illu-

155 1502 420 1553 strissimoque
440 1503 532 1540 Duo
562 1502 700 1540 Ioanni
721 1503 864 1541 Comiti
889 1503 1101 1548 Granville,
1130 1502 1361 1540 Vicecomiti
1383 1502 1621 1540 Carteret—

156 1566 263 1612 cujus
284 1563 454 1601 studium
474 1564 620 1615 Taylor
640 1565 837 1603 collaudat
865 1565 904 1601 in
929 1564 1099 1602 ornando
1128 1577 1199 1602 suo
1220 1564 1500 1610 Demosthene,
1522 1577 1621 1614 prae-

157 1624 286 1663 sertim
307 1626 413 1676 quod
432 1625 504 1663 sibi
525 1626 716 1664 variantes
737 1626 880 1664 codicis
901 1626 1210 1664 Vindobonensis
1229 1625 1485 1676 impetrasset.
1516 1626 1623 1664 Prae-

155 1686 251 1724 satio
270 1700 346 1724 non
369 1687 490 1725 multa
517 1694 627 1725 tenet
655 1700 734 1724 non
758 1688 997 1732 communia3
1026 1700 1162 1738 parum
1183 1687 1232 1725 de
1251 1686 1410 1725 historia
1428 1693 1615 1725 mstorum

154 1754 221 1784 ant
241 1747 332 1786 edd.
355 1749 558 1786 Demosth.
578 1748 670 1785 mihi
689 1748 845 1798 quidem
873 1748 947 1786 ista
967 1747 1142 1799 praefatio
1170 1760 1304 1797 parum
1333 1747 1529 1792 satisfacit,
1559 1747 1617 1784 in-

156 1808 274 1859 digna
294 1810 475 1861 Tayloro‚
496 1809 655 1860 indigna
672 1810 954 1855 Demosthene,
971 1809 1130 1859 indigna
1149 1808 1264 1846 tantis
1279 1809 1436 1859 reliquis
1456 1809 1616 1847 lautitiis

153 1877 336 1922 tantaque
366 1872 658 1922 exspectatione
687 1879 727 1910 et
759 1872 1033 1922 praedicatione
1065 1871 1223 1922 publica
1251 1870 1414 1909 videtur.
1470 1871 1615 1910 Parum

153 1945 201 1969 ex
226 1932 293 1970 illa
320 1932 456 1971 discas.
512 1933 732 1984 Insequitur
755 1941 987 1984 conspectus
1016 1932 1227 1970 editionum
1246 1932 1613 1984 manuscriptorum-

154 2007 230 2045 que
260 1995 550 2042 Demosthenis,
577 1995 714 2046 quibus
740 1995 884 2046 Taylor
912 1995 952 2032 in
980 1994 1207 2033 adornanda
1231 2006 1301 2032 sua
1326 1994 1494 2033 editione
1522 2008 1613 2034 usus

155 2063 226 2094 cst.
245 2079 298 2085 -—

207 2110 300 2148 Hoc
320 2116 378 2147 est
398 2122 526 2153 omne,
542 2109 646 2159 quod
666 2109 715 2146 dc
736 2108 846 2147 editt.
867 2117 906 2147 et
926 2109 1031 2148 mstis
1052 2109 1168 2145 Dein.
1199 2108 1342 2159 Taylor
1368 2122 1440 2146 nos
1462 2109 1610 2148 docuit.

150 2171 287 2209 videtis
308 2185 421 2221 quam
443 2173 589 2219 jejune,
610 2184 725 2222 quam
745 2171 1003 2222 indiligenter,
1022 2183 1136 2221 quam
1156 2183 1232 2206 non
1252 2183 1320 2219 pro
1341 2169 1530 2220 dignitate
1550 2178 1608 2208 at-

150 2246 224 2282 que
256 2233 464 2270 subtilitate
499 2232 632 2270 critici.
690 2233 937 2283 Interspersit
970 2230 1279 2270 annotationibus
1314 2231 1391 2268 suis
1423 2232 1610 2281 quasdam

150 2293 374 2331 Marklandi
395 2300 434 2331 et
453 2292 602 2337 Jurini;
628 2293 758 2330 ambas
783 2306 864 2331 non
882 2293 1011 2343 magni
1031 2291 1241 2330 faciendas.
1296 2291 1608 2330 Marklandiauae

150 2355 344 2405 pleraeque
371 2362 460 2392 sunt
489 2355 606 2398 leves,
640 2362 679 2391 et
708 2361 827 2391 tantae
846 2354 914 2390 viri
935 2354 1048 2392 famae
1067 2353 1173 2390 haud
1202 2365 1325 2402 pares.
1381 2353 1553 2398 Jurinus,
1575 2353 1607 2391 si

150 2415 408 2459 inaturuissct‚
429 2415 513 2465 (sed
533 2430 555 2452 a
580 2415 654 2452 cito
674 2414 753 2452 fato
772 2415 944 2453 sublatus
963 2414 1055 2463 est‚)
1075 2420 1226 2465 poterat
1245 2413 1451 2464 aliquando
1470 2415 1606 2453 melius

150 2478 241 2530 quid
273 2479 498 2516 extundere.
556 2478 863 2516 Marklandiauae
892 2491 969 2516 non
989 2477 1081 2515 satis
1112 2484 1273 2514 maturae
1302 2484 1403 2523 sunt,
1431 2476 1561 2515 effusae
1580 2490 1604 2515 a

144 2621 228 2656 fecit,
243 2620 280 2650 ad
297 2619 457 2649 Antonium
474 2619 661 2656 Askewium,
676 2621 714 2650 V.
731 2622 766 2651 C.
782 2621 935 2651 medicum
959 2621 1038 2660 apud
1060 2621 1266 2650 Londinenses
1283 2619 1515 2655 dexterrimum,
1533 2619 1601 2650 illas

144 2672 272 2713 'l‘aylori
295 2672 414 2701 chartas
438 2671 629 2710 pervenisse,
653 2673 705 2711 qui
727 2683 795 2702 cum
820 2678 907 2702 autea
931 2682 1015 2712 spem
1039 2671 1164 2701 fecisset
1186 2681 1289 2699 earum
1313 2680 1328 2698 a
1347 2680 1379 2698 se
1403 2670 1601 2706 edendarum,

144 2736 223 2754 nuuc
239 2724 358 2761 abjecto
373 2722 426 2751 illo
445 2722 616 2761 proposito,
633 2724 715 2762 quod
733 2723 862 2762 exsequi
878 2723 1044 2752 mullitudo
1064 2721 1255 2760 negotiorum
1272 2730 1330 2749 uon
1348 2720 1491 2759 patiatur,
1512 2731 1600 2750 rece-

146 2777 230 2815 pisse
257 2774 400 2813 reliquias
424 2773 612 2812 'l'nylorauas
642 2774 716 2803 mihi
746 2775 923 2803 missurum.
969 2775 1040 2813 lpse
1066 2773 1121 2801 Vir
1153 2771 1350 2802 Clarissimus
1379 2769 1461 2799 dalis
1485 2770 1524 2800 ad
1548 2781 1597 2800 me

145 2836 241 2863 nuper
255 2825 351 2854 liu-ris
368 2823 590 2853 humanissimis
615 2823 687 2853 milii
704 2825 802 2854 sactu<
819 2830 861 2853 vsi
881 2825 970 2863 hujus
989 2824 1031 2853 rvi
1050 2827 1175 2859 ausim]
1207 2827 1239 2851 ut
1256 2822 1356 2850 nullus
1379 2821 1514 2851 dubitem
1534 2822 1597 2851 fore

146 2877 242 2911 brevi,
259 2881 289 2905 ul
307 2875 367 2904 illa:
385 2875 504 2905 schedae
521 2875 594 2904 mihi
611 2875 786 2904 reddantur.
810 2887 871 2914 quo
897 2875 974 2903 sacto
994 2874 1138 2914 quicquid
1156 2872 1351 2910 reliquiarum
1365 2872 1493 2911 ‘l'nyhori
1509 2881 1596 2902 acce—

145 2938 231 2968 pero,
247 2927 376 2958 fideliter
391 2926 423 2956 id
440 2936 525 2956 omne
542 2926 573 2956 iu
589 2926 645 2956 lino
660 2927 794 2958 editione
813 2931 915 2956 nostru
930 2936 995 2956 sum
1013 2924 1234 2965 publicatum-s.
