1824 3171
602 187 683 225 AD
716 187 1180 225 DEMOSTHENEM.
1492 194 1609 232 cxxix

157 310 231 345 μην
256 291 516 332 illustrandam
546 289 617 327 sibi
641 290 789 341 putavit
817 290 996 329 Clemens
1024 290 1139 329 Alex.
1164 298 1366 342 poetarum
1393 307 1605 344 graecorum

157 356 338 399 versibus,
360 354 385 390 l.
404 356 441 392 5.
473 351 654 390 Stromat.
672 360 800 403 σχῆμα
820 353 990 404 ὀμοτικὸν
1005 360 1138 390 mutuo
1158 359 1324 391 sumtum
1337 366 1360 392 a
1376 355 1609 408 Thucydide

157 416 280 454 Clem.
301 415 412 452 Alex.

208 476 362 527 Olymp.
378 474 484 513 CIV.
503 477 537 513 1.
553 487 653 513 anno
666 475 790 514 aetatis
803 476 920 514 Dem.
936 479 996 518 17.
1012 485 1156 528 praetor
1173 477 1424 518 Timocrates.
1443 480 1608 532 Dionys.

152 536 204 574 ad
225 536 439 573 Ammaeum
464 535 517 573 ait
541 536 618 574 hoc
643 549 744 574 anno
771 536 964 575 decimum
992 538 1198 589 septimum
1224 539 1350 577 aetatis
1377 553 1520 578 annum
1549 542 1607 578 in-

151 609 324 647 gressum
343 596 473 636 fuisse.
494 610 614 636 annos
634 605 747 636 natus
768 605 914 650 septem
939 607 1086 651 patrem
1106 601 1244 639 amisit.
1266 602 1405 640 decem
1427 615 1545 641 annos
1566 604 1606 641 in

149 659 269 697 tutela
285 659 370 697 fuit.
391 673 425 698 c.
448 659 605 711 Aphob.
626 660 660 698 I.
680 661 734 699 II.
754 660 832 700 III.
854 675 889 700 c.
911 661 1125 716 Onetor-em
1145 663 1177 701 Ι.
1199 663 1256 702 ΙΙ.
1276 663 1448 702 actiones
1469 665 1603 703 tutelae

147 721 368 772 ἐπιτροπικοὶ
394 724 516 771 λόγοι.
574 721 727 760 Schotti
753 723 946 774 parallelae
971 725 1022 762 ad
1041 725 1080 762 h.
1100 738 1135 763 a.
1167 725 1261 763 Gets
1290 727 1384 763 what
1418 727 1460 763 lze
1490 728 1606 764 could.

147 781 200 819 N.
219 795 253 820 c.
273 782 451 822 Midiam.
485 783 685 822 Plutarch.
718 783 757 821 in
786 784 876 823 vita.
915 785 1008 823 Gets
1044 787 1107 823 but
1137 787 1244 826 little.
1275 787 1327 825 N.
1361 801 1395 826 c.
1426 788 1605 826 Midiam.

148 843 241 880 Gets
261 845 320 881 the
339 846 456 882 better
474 847 546 883 ancl
559 847 679 883 remits
692 846 749 883 the
759 847 924 896 penalty.
955 847 1091 887 Isidor.
1115 848 1236 899 Epist.
1259 849 1362 888 Plut.
1378 850 1428 887 de
1443 849 1493 887 X.
1508 857 1605 888 orat.

147 904 381 956 Stephanus,
400 907 508 945 testis
536 907 829 953 Demosthenis,
848 908 933 946 salsi
960 909 1168 948 testimonii
1192 917 1391 949 accusatus
1412 924 1435 949 a
1454 911 1605 950 Demo-

145 967 284 1005 sthene
314 968 534 1006 defenditur
552 969 591 1006 in
609 968 725 1006 tertia
744 975 880 1007 contra
909 970 1137 1021 Aphobum.
1195 971 1417 1023 Stephanus
1436 973 1604 1024 quidam,

145 1035 264 1078 poeta
277 1029 459 1076 comicus,
481 1042 504 1068 a
523 1029 791 1068 Demosthene
811 1030 965 1068 civitate
982 1031 1160 1070 donatus.
1218 1034 1370 1071 Auctor
1389 1046 1604 1086 anonymus

144 1090 296 1140 praefat.
319 1091 368 1128 ad
389 1091 705 1142 Aristophanem.
759 1091 1047 1131 Demosthenes
1069 1093 1149 1144 agit
1174 1093 1273 1132 hanc
1301 1106 1454 1133 causam
1476 1111 1603 1147 μειρα-

145 1153 298 1189 κύλλιον
326 1154 376 1190 ὢν
403 1153 546 1207 κομιδῇ.
567 1166 601 1190 c.
631 1151 809 1190 MIdiam.
829 1166 866 1191 v.
887 1153 1004 1191 Petit.
1033 1154 1118 1192 LL.
1148 1154 1233 1195 AA.
1264 1156 1314 1193 de
1341 1163 1458 1194 oetate
1487 1157 1606 1196 Dem.

143 1211 272 1260 Hujus
301 1214 462 1251 actionis
491 1226 562 1252 usu
582 1213 736 1252 dicendi
756 1213 957 1252 audaciam.
978 1223 1225 1256 consecutus.
1283 1217 1348 1256 Ob
1377 1230 1525 1256 morum
1559 1232 1600 1256 a-

140 1273 362 1323 speritatem
389 1281 429 1312 et
456 1274 641 1314 ferocia-m
669 1274 708 1312 in
735 1273 809 1313 hac
837 1289 968 1323 causa,
998 1277 1124 1315 dictus
1142 1278 1302 1328 Ἀργάς.
1363 1278 1473 1317 Suid.
1494 1279 1601 1320 Plut.

143 1335 274 1374 AEseh.
296 1349 332 1375 c.
354 1337 528 1389 Ctesiph.
549 1340 589 1375 ἐκ
604 1336 746 1376 παίδων
762 1339 1100 1391 ἀπαλλαττόμενος
1114 1346 1188 1378 etc.
1201 1341 1362 1392 '‘Aypav
1378 1340 1475 1392 legit
1486 1341 1604 1379 Lam-

141 1397 252 1436 binus
281 1398 331 1436 ad
360 1399 499 1437 Horat.
532 1399 609 1439 Od.
643 1399 695 1437 II.
729 1404 788 1440 19.
824 1414 861 1439 v.
895 1400 1015 1439 Brod.
1047 1401 1217 1441 Miscell.
1243 1402 1273 1441 I.
1307 1405 1371 1442 20.
1403 1403 1602 1442 Maussae.

140 1472 179 1509 p.
203 1462 269 1498 83.
298 1460 498 1500 Maussaci
533 1461 767 1500 Lectionum
799 1462 857 1502 ΙΙ.
894 1465 956 1502 15.
983 1470 1100 1515 caput
1134 1471 1215 1503 erat
1247 1464 1295 1501 de
1325 1465 1599 1503 scommatibus

140 1520 334 1560 AEschinis
360 1530 399 1560 et
419 1523 706 1562 Demosthenis.
725 1538 762 1563 v.
784 1537 872 1562 eum
893 1524 943 1562 ad
964 1525 1158 1577 Harpocr.
1186 1526 1343 1577 Ἀργάς.
1364 1540 1399 1564 ν.
1420 1527 1601 1579 Hesych.

141 1595 311 1634 serpens.
343 1584 543 1624 Plutarch.
573 1585 785 1626 Nicander.
807 1586 1020 1626 Homerus.
1048 1588 1197 1639 Ἀργᾶς
1215 1595 1344 1638 poeta.
1373 1589 1576 1629 Plutarch.

178 1644 333 1683 ‘Factus
361 1646 595 1685 trierarchus
621 1647 724 1686 circa
753 1647 914 1700 Olymp.
944 1647 1052 1687 CVI.
1076 1651 1114 1688 2.
1137 1662 1171 1687 v.
1201 1649 1357 1701 Ulpian.
1380 1651 1430 1689 ad
1453 1654 1488 1689 1.
1510 1650 1602 1689 Phi-

136 1706 226 1757 lipp.
242 1707 303 1744 vel
323 1707 450 1757 potius
469 1707 628 1760 Olymp.
647 1709 731 1747 CV.
753 1713 790 1747 3.
807 1723 896 1747 nam
911 1709 952 1747 id
968 1709 1131 1761 contigit
1148 1710 1187 1747 in
1206 1710 1311 1749 bello
1328 1711 1520 1758 Euboico,
1541 1725 1603 1750 res

136 1775 266 1805 autem
287 1768 474 1805 Euboicae
494 1769 597 1806 circa
616 1770 727 1806 istam
748 1770 1041 1821 Olympiadem.
1063 1785 1100 1808 v.
1123 1771 1274 1810 Schott.
1295 1773 1347 1810 ad
1367 1773 1432 1811 Ol.
1456 1774 1540 1813 CV.
1561 1778 1600 1813 3.

135 1829 253 1867 Dem.
281 1842 336 1867 or.
355 1842 389 1868 c,
412 1829 576 1867 Midiam
598 1836 636 1867 et
657 1829 846 1867 Aristocr.
866 1844 905 1881 p.
925 1834 1017 1869 403.
1040 1831 1101 1870 ed.
1126 1831 1247 1870 Paris.
1277 1834 1346 1871 sed
1366 1847 1494 1885 quaere
1515 1835 1602 1887 qu1s

135 1904 222 1929 eam
234 1903 387 1929 causam
403 1890 536 1941 egerit.
550 1904 586 1929 v.
605 1890 688 1929 Nos
704 1891 755 1929 ad
767 1891 856 1929 edit.
872 1891 1034 1930 Parisin.
1056 1891 1166 1945 [nihil
1179 1893 1233 1931 ibi
1247 1895 1374 1946 reperi
1385 1897 1600 1948 scriptum]

137 1953 305 2004 Epulum
332 1953 447 1991 tribui
473 1952 651 2004 praebuit.
695 1953 960 1992 Panathenaea
987 1954 1182 1993 instruxit.
1225 1956 1376 2008 Populo
1403 1958 1600 1998 triremem

136 2015 259 2052 dedit.
278 2028 334 2052 or.
364 2027 401 2053 c.
429 2014 606 2053 Midiam.
639 2015 899 2054 Cherrhones.
927 2016 975 2054 de
1007 2017 1175 2055 Corona.
1196 2016 1334 2056 AEseh.
1364 2032 1398 2057 c.
1420 2020 1595 2072 Ctesiph.

137 2075 425 2127 Thrasylochus
449 2075 569 2114 frater
589 2076 737 2116 Midiae.
757 2089 812 2115 or.
833 2090 867 2115 c.
888 2077 989 2116 Mid.
1012 2091 1046 2116 c.
1070 2078 1295 2130 Aphobum.
1316 2078 1455 2120 Liban.
1476 2081 1515 2118 in
1536 2094 1596 2120 ar-

136 2151 241 2188 gum.
273 2137 437 2189 Philipp.
467 2137 515 2176 de
545 2138 741 2178 Antidosi.
801 2138 1002 2177 Antidosis
1029 2151 1177 2190 argum.
1207 2140 1258 2178 ad
1287 2140 1418 2192 Lysiae
1441 2155 1495 2181 or.
1522 2142 1595 2182 IV.

137 2199 349 2250 Pylagoras
370 2199 502 2237 AEsch.
523 2211 557 2237 o.
580 2199 755 2251 ctesiph.
775 2199 822 2238 de
842 2201 917 2238 isto
936 2201 1166 2252 magistratu
1186 2200 1318 2241 Schol.
1345 2202 1514 2242 ineditus
1542 2207 1593 2244 ad

135 2260 358 2299 Philostrati
378 2261 531 2307 leonas,
559 2261 652 2300 item
681 2261 820 2300 Suidas
847 2269 887 2300 et
917 2262 1113 2314 Harpocr.
1134 2276 1207 2300 van
1235 2263 1349 2301 Dale.
1374 2278 1411 2315 q.
1440 2265 1591 2306 Corsin.

134 2323 182 2360 In
201 2322 277 2361 hoc
297 2322 522 2374 magistratu
537 2322 712 2374 pecuniis
733 2323 782 2361 ab
803 2323 1141 2375 Amphissensibus
1157 2332 1377 2377 corruptus.
1406 2326 1534 2366 AEsch.
1557 2343 1592 2367 c.

135 2384 307 2435 Ctesiph.

187 2445 346 2497 Olymp.
369 2445 476 2484 CVI.
496 2449 534 2485 2.
548 2454 612 2485 aet.
629 2446 746 2485 Dem.
761 2450 825 2490 27.
858 2448 1098 2487 Callistratus
1116 2456 1272 2501 praetor.
1300 2448 1589 2493 Demosthenes

134 2511 219 2548 foro
240 2523 281 2547 se
303 2510 410 2547 dedit
429 2517 468 2547 et
486 2510 657 2561 publicas
675 2524 812 2550 causas
830 2519 998 2550 tractare
1018 2512 1146 2563 coepit.
1166 2525 1221 2550 sc.
1240 2524 1274 2550 c.
1293 2512 1587 2561 Androtionem‚

134 2580 177 2610 et
198 2571 475 2622 Timocratem,
496 2572 582 2610 adv.
602 2573 823 2624 Leptinem.
844 2587 881 2624 q.
902 2574 1102 2623 Dionysius
1123 2586 1216 2612 owns
1243 2574 1306 2610 but
1328 2576 1386 2612 tlze
1397 2576 1493 2625 first
1517 2580 1590 2616 and

130 2634 189 2670 the
207 2634 290 2671 last.
349 2634 594 2684 Argumenta
612 2641 755 2672 nostra.
785 2634 890 2673 Gell.
908 2635 996 2672 XV.
1012 2638 1077 2674 28.
1107 2634 1271 2686 Dionys
1287 2634 1336 2673 ad
1349 2637 1584 2683 Ammaeum,

129 2694 182 2731 ait
202 2695 419 2733 Callistrato
435 2701 596 2746 praetore
609 2702 671 2733 aet.
684 2696 802 2734 Dem.
818 2699 883 2736 25.
911 2697 1079 2735 rescribe
1091 2700 1159 2737 26.
1176 2703 1242 2734 aut
1255 2698 1321 2737 27.
1351 2697 1584 2739 Plutarchus

131 2768 218 2792 eum
238 2756 291 2794 ait
307 2763 385 2794 tres
406 2757 610 2802 orationes,
633 2758 804 2797 Androt.
825 2758 993 2797 Timocr.
1013 2766 1052 2797 et
1067 2759 1253 2797 Aristocr.
1272 2758 1469 2811 scripsisse
1482 2775 1584 2800 anno

132 2817 197 2856 27.
216 2817 277 2854 vel
294 2820 359 2857 28.
381 2818 530 2856 advers.
551 2818 757 2870 Leptinem
777 2833 877 2857 anno
896 2827 960 2858 aet.
979 2822 1045 2859 24«.
1076 2820 1190 2859 Phot.

184 2877 340 2929 Olymp.
369 2880 474 2918 CVI.
503 2884 540 2919 3.
570 2887 633 2918 aet.
663 2880 780 2919 Dem.
808 2877 873 2921 28.
916 2882 1064 2920 Praetor
1091 2882 1299 2921 Diotimus.
1341 2883 1505 2923 Diodor.
1543 2894 1583 2923 et

132 2937 251 2976 Dion.
274 2938 327 2976 H.
347 2939 435 2979 fort.
464 2942 667 2993 Δημόνικος
687 2944 706 2980 ὁ
725 2944 874 2994 φλυεὺς.
901 2943 1017 2984 Dem.
1047 2943 1094 2982 de
1115 2956 1272 2984 corona.
1304 2944 1367 2982 De
1386 2945 1582 2984 classibus.

188 3018 287 3045 voL.
308 3020 337 3047 Ι.
869 3028 889 3051 7·
