1824 3171
591 171 672 210 AD
702 169 1166 210 DEMOSTHENEM.
1541 170 1601 207 eiii

148 290 189 329 p.
215 278 306 317 634.
349 274 478 314 Schol.
508 274 559 313 ad
580 274 769 314 Aristocr.
799 274 928 313 Vales.
958 274 1008 312 ad
1038 273 1230 325 Harpocr.
1267 274 1356 311 180.
1390 275 1479 311 184.
1513 275 1608 315 207.

154 342 242 378 150.
265 340 353 377 161.
380 336 543 375 Lucian.
561 350 648 376 nov.
670 337 745 374 Ed.
767 337 814 374 T.
838 337 866 374 Ι.
887 350 925 388 p.
947 329 1013 375 63.
1044 334 1206 374 Herald.
1229 334 1392 372 Observ.
1414 335 1481 372 11.
1503 339 1540 374 3.
1569 349 1606 386 p.

151 402 242 438 205.
271 399 326 436 H.
349 398 536 449 Stephan.
556 399 629 436 Th.
650 399 698 436 L.
720 399 771 437 G.
793 399 841 436 T.
862 399 895 436 Ι.
913 398 988 436 col.
1009 400 1100 438 370.
1131 397 1285 434 Palmer
1302 396 1351 433 de
1367 396 1608 434 Liberalibus

151 460 245 498 Not.
276 460 326 498 ad
346 459 546 512 Theophr.
565 475 600 498 v.
621 461 714 498 edit.
744 460 949 498 Needham
979 459 1027 497 ad
1045 459 1174 496 finem.
1218 458 1401 496 Auctoris
1424 457 1540 494 Notae
1561 456 1610 494 ad

152 521 296 560 AElian.
318 521 365 559 T.
385 522 418 560 I.
439 536 476 574 p.
498 525 590 564 270.
618 522 758 574 Lysias
778 522 841 560 ed.
861 522 1026 559 Londin.
1048 520 1222 558 Dorville
1235 519 1283 557 ad
1300 519 1444 557 Charit.
1464 532 1502 569 p.
1523 520 1611 556 112.

151 587 244 623 483.
263 586 355 623 602.
377 585 441 625 87.
467 587 557 624 123.
578 587 669 624 292.
691 587 782 623 318.
843 583 951 622 Suid.
972 583 1010 620 in
1029 582 1261 625 Οὐλπιανός.
1304 581 1450 618 Kuster
1470 580 1520 617 ad
1539 579 1612 617 loc.

155 645 324 684 Casaub.
345 647 395 684 ad
429 646 627 698 Theophr.
647 660 683 697 p.
706 648 798 687 287.
825 649 916 685 288.
946 644 1060 682 Wolf
1074 644 1224 683 Comm.
1244 642 1295 680 ad
1322 642 1413 693 Ulp.
1435 655 1472 692 p.
1497 643 1611 680 1129.

153 707 372 757 ἐθρασύνετο
396 710 589 759 θαρσήσας
609 708 740 746 Schol.
761 708 811 745 ad
834 707 932 745 Mid.
953 721 990 745 n.
1010 710 1075 745 43.
1133 704 1290 756 Ulpiani
1321 703 1515 753 cujusdam
1536 716 1615 741 me-

154 769 264 807 minit
295 769 472 808 Marinus
506 770 782 821 Neapolitanus
816 769 853 806 in
885 768 975 806 Vita
1004 767 1132 806 Procli
1159 766 1367 804 Diadochi.
1404 765 1533 803 Vales.
1565 765 1616 802 ad

158 831 282 882 Harp.
311 845 350 883 p.
372 835 463 871 228.
525 832 684 883 Scripsit
709 832 824 870 vitam
856 831 1062 869 Demosth.
1092 836 1224 868 auctor
1257 835 1315 866 est
1340 840 1474 866 eorum
1502 840 1615 878 argu-

155 900 385 940 mentorum,
404 908 490 946 quae
509 894 724 933 Libaniana
742 901 967 945 sequuntur.
990 907 1025 931 v.
1048 892 1207 942 Argum.
1223 904 1302 928 sec.
1322 907 1363 928 π.
1380 906 1546 941 παραπρ.
1568 893 1617 932 ὡς

154 955 325 1008 ἔγνωμεν
341 958 381 995 ἑν
401 960 449 1010 τῷ
466 960 559 995 κατά
576 957 745 996 111ειὸιόυ.
795 957 883 994 NB.
913 956 1080 1007 ἔγνωμεν
1100 968 1122 993 a
1140 963 1239 993 term
1272 954 1317 991 of
1341 961 1412 992 art.
1458 953 1539 991 Nos
1567 952 1618 991 ad

159 1018 253 1069 Arg.
274 1019 367 1070 Ulp.
398 1033 432 1058 c.
463 1020 691 1058 Aristocrat.
721 1019 852 1057 Schol.
881 1018 1086 1056 Timocrat.
1116 1031 1153 1055 n.
1184 1020 1248 1055 30.
1278 1019 1367 1055 199.
1403 1018 1494 1054 200.
1524 1017 1617 1054 219.

160 1081 251 1130 Age
272 1080 318 1118 of
341 1081 496 1131 Ulpian.
527 1081 656 1119 Schol.
688 1081 856 1118 Timocr.
877 1093 915 1117 n.
939 1082 1000 1120 17.
1023 1082 1111 1120 176.
1132 1093 1167 1116 v.
1194 1078 1392 1115 Maussae.
1422 1077 1472 1115 ad
1493 1077 1618 1127 Harp.

158 1154 193 1179 v.
214 1143 255 1178 Ἀ
265 1144 457 1193 στυικόμος.
487 1142 551 1180 De
573 1141 741 1194 Ulpiano
760 1142 866 1180 JCto
888 1140 1033 1178 Marlin
1052 1140 1101 1178 ad
1121 1139 1176 1177 tit.
1197 1139 1250 1176 D.
1272 1138 1320 1176 de
1340 1139 1442 1177 Just.
1466 1145 1505 1176 et
1524 1138 1619 1176 Jure

159 1216 197 1254 p.
216 1207 256 1243 5.

219 1265 386 1304 Tiberius
416 1268 565 1306 Rhetor
585 1268 635 1306 de
654 1267 910 1307 schematibus
931 1266 1246 1305 Demosthenicis
1269 1265 1340 1304 Ed.
1364 1263 1506 1303 Gallei.
1555 1263 1619 1301 De

161 1327 433 1368 Demosthene
453 1338 491 1369 et
513 1331 775 1382 Xenophonte
799 1330 907 1369 Suid.
937 1329 1113 1368 Tiberius
1127 1329 1279 1367 Rhetor
1301 1328 1349 1366 de
1365 1326 1496 1378 figurIS
1516 1324 1621 1377 apud.

161 1389 277 1428 Dem.
300 1392 392 1430 Ms.
413 1393 526 1431 Bodl.
544 1393 586 1431 F.
608 1394 661 1431 11.
678 1397 716 1433 6.
1254 1380 1258 1384 ’

219 1453 376 1502 Apsines
396 1454 575 1493 laudatur
591 1456 638 1493 ab
655 1455 825 1506 Ulpiano
845 1454 883 1492 in
902 1454 1106 1506 Leptinea.
1164 1454 1308 1492 Exstat
1325 1451 1481 1503 Apsinis
1502 1454 1625 1499 cujus-

167 1512 257 1550 dam
281 1514 487 1554 rhetorica.
523 1517 636 1555 Fabr.
662 1517 708 1555 B.
740 1516 792 1554 G.
821 1516 869 1553 T.
891 1516 960 1555 IV.
991 1531 1028 1567 p.
1049 1520 1140 1555 459.
1184 1515 1352 1566 Apsines
1374 1513 1623 1551 Atheniensis

169 1575 349 1627 Sophista
368 1578 564 1629 egregius,
585 1586 697 1630 pater
715 1577 889 1616 Onesimi
911 1578 1118 1629 Sophistae,
1139 1578 1202 1628 qui
1223 1577 1295 1614 fuit
1323 1584 1434 1627 pater
1454 1574 1626 1625 Apsinis.

169 1637 279 1677 Suid.
301 1640 469 1690 Apsines
489 1641 663 1679 Onesimi
684 1640 781 1678 Ath.
800 1640 899 1678 filius
913 1640 1042 1689 junior
1058 1640 1197 1691 Apsini
1219 1638 1436 1677 Gadarensi
1459 1636 1566 1675 Suid.
1587 1650 1624 1674 v.

167 1699 342 1738 Scheffer
372 1701 419 1740 ad
441 1703 570 1741 Anon.
605 1703 765 1741 Rhetor.
796 1702 933 1740 Tzetz.
966 1701 1066 1740 Chil.
1096 1702 1206 1739 VIII.
1232 1703 1323 1740 608.
1382 1698 1545 1750 Apsines
1573 1697 1624 1736 ad

164 1760 322 1814 Leptin.
340 1763 472 1802 Schol.
504 1765 694 1815 Hermog.
717 1764 765 1802 de
781 1763 896 1803 Ideis.

222 1825 415 1875 Didymus.
446 1828 638 1879 Harpocr.
659 1828 696 1865 in
721 1829 855 1874 ἐξένισε
875 1834 914 1865 et
942 1828 1091 1873 ξενίζειν
1117 1828 1165 1874 (v.
1188 1826 1287 1876 Arg.
1318 1824 1404 1862 adv.
1427 1822 1630 1871 Eubulid.)

169 1889 354 1939 γαμήλια.
375 1890 394 1926 ὁ
419 1889 583 1927 κάτωθεν
612 1892 726 1941 νόμος
747 1889 895 1927 Meurs.
918 1889 968 1926 A.
990 1888 1038 1925 L.
1060 1887 1136 1925 III.
1161 1891 1195 1925 1.
1244 1887 1441 1924 Maussac.
1469 1899 1507 1936 p.
1535 1887 1628 1924 230.

170 1948 365 2001 Harpocr.
396 1950 436 1988 in
468 1954 640 1995 οἱκίσκος.
666 1951 878 1990 ἐσπαθᾶτο.
909 1950 1113 2002 φάρμακος.
1158 1949 1321 1999 Scripsit
1355 1954 1563 1986 comment.
1591 1946 1631 1983 in

171 2009 312 2048 Isaeum
333 2013 458 2063 Harp.
478 2027 514 2050 v.
537 2016 721 2064 γαμηλία.
777 2012 861 2050 Nos
881 2012 931 2050 ad
950 2025 1097 2062 argum.
1129 2011 1213 2048 adv.
1240 2009 1460 2048 Eubuliden
1481 2007 1632 2059 scripsit

168 2072 218 2109 ad
241 2073 475 2112 AEschinem.
504 2075 701 2125 Harpocr.
731 2088 768 2111 v.
798 2074 972 2124 προναία.
1000 2072 1258 2124 κραυαλλίέαι.
1288 2085 1324 2110 v.
1355 2071 1552 2108 Maus-sac.
1583 2068 1635 2107 ad

173 2136 367 2187 Harpocr.
386 2151 422 2175 v.
445 2139 574 2185 λόγος.
634 2136 796 2188 Scripsit
817 2136 867 2173 ad
888 2136 1052 2173 Axonas
1075 2134 1225 2172 Solonis
1244 2147 1279 2171 c.
1301 2132 1581 2183 Asclepiadem
1600 2144 1636 2169 v.

174 2198 372 2242 Plutarch.
388 2200 454 2237 vit.
478 2200 609 2237 Solon.
627 2199 708 2238 init.

229 2262 461 2312 Apollonides
482 2263 501 2299 ὃ
516 2261 690 2305 Νικαιεὺς
710 2262 887 2300 laudatur
906 2262 953 2299 ab
972 2259 1181 2299 Ammonio
1198 2274 1233 2297 v.
1245 2258 1406 2311 ’Ὸφλων
1421 2259 1460 2296 ἐν
1476 2259 1637 2309 ὑπομνή-

173 2341 264 2376 ματι
298 2326 378 2376 περὶ
409 2323 719 2375 παραπρεσβείας
752 2322 1033 2374 Δημοσθένους.
1091 2321 1333 2373 ΑροΠοΠίἂὶὃ
1365 2319 1517 2357 Nicaenl
1548 2321 1636 2358 {na-‹5-

175 2403 303 2438 μνημα
323 2386 361 2423 in
383 2386 554 2423 Timonis
573 2385 686 2424 Sillos
707 2385 863 2423 Tiberio
884 2385 986 2423 Caes.
1006 2384 1229 2435 inscriptum
1252 2381 1426 2420 meminit
1445 2381 1639 2419 Laertius.

174 2447 329 2499 scripsit
344 2447 445 2485 idem
462 2448 512 2485 de
529 2447 755 2498 proverbiis,
778 2446 913 2497 Steph.
936 2446 1032 2497 Byz.
1054 2460 1089 2483 v.
1108 2446 1262 2496 Τὲρινα.
1279 2458 1314 2481 ν.
1336 2444 1446 2481 Fabr.
1469 2443 1516 2480 Β.
1537 2442 1588 2480 G.

233 2510 451 2559 Gymnasius
472 2510 652 2548 Sidonius
675 2510 870 2561 Sophista‚
892 2509 990 2560 Imp.
1013 2507 1256 2546 Constantini
1274 2506 1511 2557 temporibus
1527 2505 1636 2551 vixit,

175 2571 324 2623 scripsit
345 2572 647 2610 declamationes
667 2580 706 2611 et
726 2579 975 2610 commentar.
997 2571 1047 2608 ad
1069 2569 1275 2609 Demosth.
1297 2576 1336 2607 et
1356 2568 1430 2606 alia
1445 2568 1636 2618 quaedam.

232 2634 422 2684 Aspasius.
444 2634 558 2671 Phot.
576 2634 676 2672 Cod.
693 2637 785 2673 265.
816 2633 973 2685 Ulpian.
996 2633 1046 2670 ad
1065 2632 1220 2683 Leptin.
1250 2631 1398 2668 Meurs.
1422 2630 1473 2669 A.
1495 2630 1542 2668 L.
1565 2631 1636 2670 VI.

178 2699 217 2736 9.
235 2696 385 2747 scripsit
404 2696 454 2734 ad
474 2696 630 2747 Leptin.
650 2696 779 2734 Schol.
798 2696 990 2746 Hermog.
1010 2695 1059 2732 de
1076 2694 1193 2733 Ideis.

234 2758 451 2796 Menander.
468 2759 562 2810 Ulp.
583 2759 632 2796 ad
650 2759 765 2809 Lept.
779 2765 818 2796 et
833 2758 883 2795 ad
902 2757 985 2795 init.
1005 2764 1152 2807 quartae
1174 2755 1343 2807 Philipp.
1356 2769 1393 2806 p.
1410 2756 1474 2795 74.
1492 2753 1553 2790 ed.
1573 2752 1644 2788 Pa-

180 2820 244 2857 ris.
292 2821 442 2858 Rhetor
459 2821 625 2859 fortasse
644 2820 746 2872 apud
764 2820 911 2857 Aldurn
929 2833 962 2857 v.
979 2820 1145 2869 Argum.
1164 2825 1258 2856 orat.
1274 2834 1314 2855 π.
1331 2831 1492 2866 παραπρ.
1511 2812 1640 2851 Schol.

184 2881 235 2920 ad
255 2881 423 2921 Timocr.
444 2897 482 2920 n.
501 2886 566 2924 74.
589 2897 626 2934 p.
645 2886 736 2922 294«.
758 2883 818 2920 ed.
840 2882 971 2920 Lutet.

239 2942 450 2981 Genetlzlius
480 2945 658 2982 laudatur
687 2958 708 2982 a
742 2944 872 2982 Schol.
903 2946 1008 2994 Aug.
1054 2942 1101 2981 ad
1133 2941 1299 2981 Androt.
1327 2942 1374 2978 ab
1399 2939 1565 2989 Ulpia-..0
1592 2937 1642 2975 ad
