1824 3171
210 178 281 204 cxc
657 169 864 208 REISKII
899 169 1198 208 PRAEFATIO

210 275 370 315 librariis
392 276 561 317 diversis.
618 277 702 323 Ille,
730 279 794 330 qui
816 279 1008 317 Aristiden
1029 279 1210 324 exaravit,
1228 278 1299 316 fuit
1323 278 1378 315 vir
1398 278 1547 324 doctus,
1566 277 1648 315 dili-

208 350 316 387 gens,
337 339 496 387 magnis,
525 339 768 390 pulchrisque
796 340 913 378 literis
934 353 1036 384 usuS‚
1065 347 1103 377 et
1127 340 1300 377 facilibus
1320 339 1436 384 lectu,
1467 346 1506 376 et
1525 339 1574 376 ad
1593 339 1646 376 le·

207 399 374 448 gendum
395 399 652 445 invitantibus,
680 400 748 437 nisi
770 400 872 450 quod
899 408 1151 437 atramentum
1178 401 1483 451 pallidiusculum
1515 399 1649 437 oculos

206 459 355 510 fatiget.
378 461 504 497 omnia
524 461 603 498 sine
623 461 789 499 scholiis.

260 522 446 562 Quartum
467 522 618 571 appello
640 522 814 559 codicem
844 523 1110 572 Augustanum
1141 522 1258 567 illum,
1287 522 1349 572 qui
1370 536 1407 573 p.
1434 524 1497 563 78.
1529 522 1644 560 Cata-

204 581 282 631 logi
313 582 550 618 Rcusnerani
568 595 604 619 n.
622 586 658 620 8.
679 582 849 632 signatus
869 590 940 627 est,
961 590 1001 620 et
1020 583 1071 619 nil
1100 583 1170 620 nisi
1191 584 1393 620 Demosth.
1409 596 1462 619 or.
1483 596 1549 632 pro
1570 582 1647 619 Co-

204 654 309 686 rona,
331 650 370 679 ct
389 642 568 680 Aristidis
591 643 913 681 Panathenaicam
935 650 1054 681 tenet.
1080 643 1249 691 ejusdem
1278 644 1415 691 aetatis,
1436 650 1549 692 atque
1569 650 1646 679 ter-

205 703 290 748 tius,
310 703 472 752 scriptus
492 704 583 740 item
601 704 638 740 in
659 704 782 748 Italia,
802 704 842 741 id
861 704 964 754 quod
991 705 1122 742 charta
1151 705 1289 754 prodit,
1311 703 1438 740 medio
1473 710 1538 740 aut
1562 716 1647 740 ver-

206 773 323 814 gente
353 765 495 803 saeculo
517 765 604 802 XV.
633 766 841 816 grandibus
874 766 1006 810 literis,
1035 773 1074 803 et
1102 766 1281 803 similibus
1301 765 1386 810 illis,
1405 765 1540 815 quibus
1559 764 1648 801 Ari-

205 824 336 869 stides,
359 825 407 862 de
425 839 499 875 quo
520 826 635 863 modo
656 827 847 873 dicebam,
868 835 1046 864 exaratus
1063 835 1133 871 est,
1154 840 1177 863 a
1196 827 1344 864 diversa
1363 834 1488 863 tamen
1509 839 1647 869 manu;

205 898 330 935 neque
350 885 449 923 idem
473 887 647 924 librarius
667 887 868 924 videbatur
896 888 1105 925 orationem
1126 901 1195 938 pro
1216 900 1357 924 corona
1385 899 1564 924 exarasse
1592 892 1648 923 at-

206 959 281 995 que
300 947 626 996 panathenaicam.
683 948 808 985 Etiam
829 949 892 985 hic
921 949 1045 986 codex
1072 949 1223 985 scholiis
1243 955 1360 985 caret.
1417 947 1549 984 Oratio
1576 960 1647 997 pro

206 1020 346 1044 corona
366 1009 544 1045 convenit
564 1022 652 1046 cum
666 1009 771 1059 Aug.
791 1009 924 1060 primo.
945 1010 1089 1047 contuli
1105 1009 1207 1047 hunc
1228 1009 1403 1047 codicem
1421 1008 1528 1046 initio
1543 1021 1647 1045 men·

206 1068 256 1105 sis
275 1069 368 1106 Julii
387 1072 502 1110 1768.

260 1129 443 1171 Quintum
473 1131 624 1181 appello
646 1132 916 1182 Augustanum
947 1132 1121 1170 codicem
1151 1145 1188 1182 p.
1208 1134 1272 1173 78.
1294 1131 1379 1169 Cat.
1403 1130 1592 1167 Reusner.
1609 1142 1647 1167 n.

209 1195 271 1230 19.
292 1192 492 1241 signatum,
513 1193 551 1229 in
572 1201 710 1243 quarto
738 1194 940 1238 ordinario,
964 1207 986 1231 a
1005 1207 1116 1231 manu
1137 1193 1400 1231 recentissima
1421 1192 1547 1229 sacculi
1561 1191 1646 1228 XV.

207 1253 382 1290 exeuntis
403 1261 614 1300 exaratum,
631 1255 753 1293 minus
772 1256 939 1306 pulchris
960 1256 1090 1301 literis,
1106 1255 1290 1293 alibrario
1312 1255 1469 1292 indocto
1489 1262 1529 1292 et
1547 1253 1649 1290 miri-

207 1314 281 1352 fice
301 1315 450 1366 supino,
472 1316 541 1352 sed
560 1328 610 1352 ex
639 1316 713 1353 alio
740 1317 893 1367 optimae
913 1325 1014 1354 notae
1038 1316 1189 1354 ductus.
1247 1316 1436 1353 Convenit
1456 1328 1542 1353 cum
1563 1315 1647 1351 Au-

207 1383 370 1426 gustano
390 1376 512 1427 primo
532 1390 641 1427 paene
661 1377 708 1414 ad
732 1377 896 1422 literam,
913 1378 983 1415 nisi
1003 1378 1067 1415 ubi
1087 1376 1232 1414 mendis
1253 1376 1387 1414 calami
1414 1386 1647 1425 conspurca-

207 1444 270 1474 tus
303 1444 373 1484 est,
402 1438 539 1487 quibus
569 1445 706 1476 scatet.
763 1439 880 1476 Caret
906 1440 996 1476 item
1028 1439 1089 1475 hic
1117 1438 1281 1476 scholiis.
1315 1445 1424 1475 tenet
1457 1437 1650 1479 orationes

207 1498 390 1548 quasdam
411 1498 685 1536 Demosthenis
716 1499 822 1536 nullo
852 1500 1020 1545 delectu,
1047 1500 1121 1537 hoc
1146 1500 1289 1537 ordine.
1347 1499 1384 1547 1)
1405 1497 1651 1549 Epitaphium

206 1558 412 1597 Demosth.
483 1560 524 1609 2)
544 1560 673 1611 Lysiae
700 1560 914 1598 funebrem.
969 1561 1009 1610 3)
1034 1561 1302 1598 Demosthenis
1329 1560 1423 1597 duas
1442 1559 1480 1596 in
1499 1558 1652 1596 Aristo-

205 1620 389 1669 gitonem.
443 1623 483 1668 4)
503 1634 555 1659 or.
576 1622 614 1658 in
631 1622 842 1660 Calliclem.
880 1626 920 1670 5)
941 1623 1132 1660 orationes
1159 1622 1252 1659 duas
1271 1622 1308 1658 in
1325 1621 1544 1671 Aphobum‚
1574 1619 1649 1670 pri-

205 1694 307 1719 mam
324 1688 362 1719 et
379 1683 599 1720 secundam.
642 1685 682 1731 6)
700 1683 889 1721 orationes
907 1684 1002 1721 duas
1021 1684 1059 1720 in
1079 1683 1303 1720 Onetorem.
1343 1683 1443 1719 Haec
1464 1694 1487 1719 a
1502 1682 1650 1719 Demo-

205 1742 355 1788 sthene,
390 1757 552 1794 quorum
583 1744 826 1782 collationem
861 1745 1006 1782 absolvi
1037 1745 1098 1781 die
1128 1747 1192 1782 520.
1215 1743 1310 1780 Maii
1334 1745 1448 1783 1768.
1505 1744 1648 1784 Quam-

207 1817 321 1855 quam
342 1805 467 1843 codex
486 1805 552 1843 hic
580 1819 668 1843 cum
689 1806 795 1855 Aug.
815 1805 936 1855 primo
962 1818 1071 1856 paene
1100 1805 1138 1841 in
1168 1805 1342 1842 omnibus
1373 1803 1575 1847 consentit,
1605 1809 1648 1839 ut

204 1865 324 1902 videri
345 1865 462 1916 possit
483 1879 533 1903 ex
553 1879 599 1903 eo
621 1867 832 1917 descriptus
853 1879 950 1912 esse,
976 1866 1106 1916 nequit
1126 1874 1254 1903 tamen
1274 1866 1364 1903 inde
1383 1872 1529 1903 sumtus
1549 1876 1647 1908 esse,

204 1926 293 1977 quia
311 1935 537 1976 argumenta
556 1928 674 1965 habet
703 1927 935 1965 orationibus
960 1927 1133 1978 praefixa.
1153 1927 1292 1977 quibus
1322 1925 1554 1976 argumentis
1573 1925 1649 1975 pri-

202 2000 287 2025 mus
306 1995 423 2026 caret.
479 1988 613 2026 Habet
629 1987 693 2025 hic
712 1988 838 2026 codex
859 1989 973 2026 etiam
995 1989 1069 2026 alia
1088 1988 1259 2031 aliorum,
1279 2000 1365 2037 quae
1385 1986 1561 2024 conferre
1580 1998 1646 2023 ne-

204 2062 281 2099 que
301 2049 430 2094 otium,
454 2061 581 2099 neque
608 2049 753 2086 animus
780 2049 866 2093 fuit,
897 2049 983 2086 haec
1012 2049 1170 2086 scilicet.
1203 2048 1404 2098 1)partem
1425 2046 1648 2085 Promethei

205 2110 418 2161 AEschylei.
439 2110 574 2160 (usque
605 2110 656 2147 ad
683 2113 805 2160 p.43.
839 2110 960 2148 Henr.
983 2110 1184 2161 Stephani)
1213 2122 1300 2147 cum
1334 2108 1486 2146 scholiis
1505 2107 1648 2145 interli-

204 2172 383 2210 nearibus
403 2178 441 2209 et
461 2171 746 2222 marginalibus.
779 2174 821 2216 2)
840 2172 952 2209 odam
977 2172 1125 2209 tertiam
1149 2171 1262 2221 Pyth.
1285 2170 1451 2207 Pindari.
1481 2170 1521 2217 3)
1538 2169 1649 2206 odam

204 2233 414 2270 secundam
431 2233 544 2270 Nem.
575 2236 616 2279 4)
634 2232 782 2270 initium
799 2233 956 2284 Olymp.
976 2232 1140 2283 Reliqua
1155 2230 1309 2269 Pindari
1330 2237 1463 2268 carent
1482 2230 1647 2276 scholiis,

206 2301 343 2344 praeter
361 2294 506 2330 initium
527 2293 684 2344 Olymp.

260 2355 399 2392 Sextus
417 2355 546 2392 codex
565 2353 841 2392 Demosthenis
858 2355 1111 2404 Augustanus
1141 2354 1248 2403 cujas
1268 2353 1316 2390 sit
1336 2359 1375 2390 et
1392 2352 1484 2403 quid
1503 2358 1646 2397 teneat,

206 2416 372 2454 nondum
401 2417 501 2462 novi,
534 2416 603 2453 sed
632 2415 765 2460 sciam,
793 2416 858 2453 ubi
877 2416 1017 2466 potitus
1038 2428 1084 2452 eo
1111 2414 1234 2452 fuero.
1262 2427 1362 2451 nunc
1391 2414 1490 2451 enim
1519 2413 1647 2451 adhuc

206 2491 292 2514 eum
313 2486 505 2528 exspectO.
565 2477 747 2527 Signatus
767 2484 825 2515 est
852 2478 890 2514 in
907 2477 1096 2526 Catalogo
1118 2477 1308 2513 Reusner.
1328 2490 1366 2527 p.
1379 2479 1445 2515 86.
1467 2475 1542 2513 sic:
1564 2475 1647 2512 De·

205 2538 414 2576 mosthcnis
436 2538 680 2589 Olynthiacae
700 2551 787 2576 curn
813 2538 940 2576 multis
960 2537 1041 2575 aliis
1061 2537 1234 2575 aliorum.
