1824 3171
136 114 200 151 lxx
577 112 911 152 HIERONYMI
941 114 1146 154 WOLFII

133 216 348 255 incorrecta
367 216 545 267 praeterii,
567 224 606 254 et
634 224 818 267 suspecta
844 224 961 268 atque
981 218 1149 256 obscura
1165 215 1258 254 mihi
1276 215 1402 254 omnia
1419 214 1581 254 stellulis

133 278 292 328 signavi.
350 279 402 316 Et
430 280 485 317 sic
513 279 643 330 primae
664 279 874 316 difficultati
899 280 1042 317 mederi
1073 293 1155 317 sum
1186 285 1356 317 conatus.
1413 278 1476 315 De
1497 277 1582 328 ipso

134 348 264 378 autem
284 340 607 378 artificii-oratorii
627 347 665 377 et
682 340 898 390 Ulpianicae
919 340 1102 378 doctrinae
1121 353 1279 390 genere,
1299 352 1366 389 pro
1392 352 1461 376 sua
1478 338 1580 389 quis-

135 413 210 450 que
233 401 479 451 persuasione
508 401 566 438 vel
596 401 747 451 probet,
768 401 828 438 vel
855 401 1055 451 improbet,
1088 401 1193 452 quod
1219 399 1433 438 videbitur:
1464 400 1581 437 modo

133 460 229 498 illud
248 462 476 507 meminerit,
498 474 584 498 eum
605 461 782 499 usitatam
795 461 872 499 suis
891 462 1126 512 temporibus
1141 461 1340 506 rationem,
1352 474 1437 511 quae
1453 460 1580 498 multis

133 521 338 571 ingeniosis
367 530 405 559 et
426 522 584 560 eruditis
603 522 818 560 hominibus
839 522 1021 573 placeret,
1050 530 1238 567 secutum,
1261 521 1449 559 obstitisse
1468 528 1581 571 atque

131 583 309 623 invidisse
329 585 484 630 nemini,
506 584 570 635 qui
589 584 740 622 doctius
761 591 826 621 aut
844 585 1068 635 explicatius
1089 584 1231 634 aliquid
1249 583 1385 621 afferre
1405 582 1522 620 vellet
1542 582 1580 619 in

131 646 315 684 medium.
371 646 447 685 Sed
468 646 543 684 hoc
564 646 614 683 ad
633 646 838 683 verborum
865 645 1110 697 interpretem
1130 652 1289 683 eatenus
1311 644 1502 681 duntaxat
1521 650 1579 680 at·

131 706 242 753 tinet,
262 714 304 744 ut
322 720 371 745 ne
395 707 470 745 otio
491 708 582 757 (quo
602 719 676 756 ego
697 713 801 744 certe
821 706 973 745 minime
994 706 1162 755 abundo)
1184 706 1324 744 abusus
1350 717 1433 742 esse
1452 703 1580 741 videa-

130 774 217 806 tur:
249 775 392 806 caetera
421 768 491 819 ipsi
525 768 648 805 autori
678 767 897 817 praestanda
929 775 1029 812 sunt,
1057 767 1137 806 sive
1166 767 1196 804 is
1228 768 1341 811 bene,
1370 766 1448 803 sive
1479 765 1578 802 male

130 829 326 880 scripserit
343 843 388 867 ac
408 829 593 867 docuerit.
651 828 750 865 Illud
775 835 904 866 autem
923 828 1054 866 facere
1074 841 1151 866 non
1170 827 1354 872 dubitavi,
1376 834 1419 864 ut
1439 825 1579 863 alicubi

129 898 353 940 perpetuam
376 890 530 940 Ulpiani
558 889 782 935 orationem,
807 889 1002 927 brevitatis
1027 889 1225 927 servandae
1251 895 1291 926 et
1317 887 1501 925 molestiae
1526 887 1581 924 vi-

129 951 258 988 tandae
285 964 415 996 causa,
442 950 524 988 sine
551 949 629 987 ullo
659 950 801 987 autoris
830 949 1070 996 detrimento,
1099 950 1382 995 intersecarem,
1403 955 1443 986 et
1461 947 1580 985 verba

128 1011 403 1050 Demosthenis
422 1011 697 1062 parentheseos
716 1010 826 1060 signo
847 1010 1081 1049 clauderem.
1129 1010 1260 1048 Veluti
1279 1023 1366 1048 cum
1389 1009 1577 1059 Ulpianus

127 1072 258 1118 habet,
278 1074 317 1110 ἐν
337 1073 377 1111 δὲ
395 1077 458 1124 τῷ,
474 1075 545 1124 οὺχ
561 1072 612 1110 ἑνὶ
628 1072 752 1110 δέδωκε
773 1074 905 1123 τρόπῳ,
926 1075 1113 1124 σοφίζεται
1131 1073 1150 1109 ὁ
1170 1072 1301 1123 ῥήτωρ,
1323 1084 1397 1121 ego
1418 1071 1472 1107 sic
1487 1070 1578 1108 feci.

128 1134 216 1172 Non
236 1148 304 1172 uno
321 1136 422 1172 modo
441 1135 563 1180 dedit)
608 1134 688 1171 Hic
706 1134 875 1184 captiose
891 1134 971 1184 agit
985 1141 1124 1172 orator.
1181 1133 1333 1184 Alioqui
1348 1132 1378 1170 si
1396 1133 1434 1170 ἐν
1455 1132 1494 1169 δὲ
1514 1135 1577 1183 τῷ,

127 1196 331 1234 voluissem
362 1196 594 1247 exprimere,
628 1195 834 1233 dicendum
860 1195 1018 1233 fuisset:
1050 1195 1097 1232 In
1125 1194 1181 1232 his
1201 1202 1328 1232 autem
1345 1194 1483 1239 verbis,
1509 1207 1578 1230 non

126 1271 195 1294 uno
215 1259 314 1294 modo
334 1259 444 1302 dedit,
473 1257 640 1307 captiose
667 1256 746 1306 agit
771 1263 906 1301 orator,
936 1255 1038 1306 quod
1057 1269 1180 1306 neque
1210 1254 1415 1292 dilucidius
1435 1261 1505 1299 est,
1537 1261 1577 1292 et

126 1319 321 1370 prolixius,
347 1326 386 1356 et
405 1319 495 1363 tale,
516 1325 558 1356 ut
577 1318 608 1355 si
632 1318 764 1368 paucis
783 1317 822 1354 in
841 1317 1012 1355 versibus
1038 1317 1178 1367 saepius
1197 1323 1404 1367 repetatur,
1425 1315 1578 1353 fastidio

125 1380 314 1418 lectorem
342 1386 493 1417 enecet.
549 1379 677 1416 Nemo
697 1378 824 1427 igitur,
856 1378 1002 1428 opinorg
1025 1379 1100 1416 hoc
1126 1378 1270 1415 factum
1298 1376 1571 1427 reprehendet,

125 1441 339 1491 praesertim
365 1454 452 1478 cum
479 1440 532 1478 ita
559 1445 743 1477 tractatus
773 1439 821 1476 sit
841 1440 1041 1490 Ulpianus,
1062 1446 1105 1475 ut
1130 1440 1178 1476 ab
1207 1438 1508 1476 enarrationibus
1527 1437 1578 1484 ad

126 1502 405 1547 annotationes,
426 1509 607 1551 tanquam
627 1501 675 1537 ab
696 1500 804 1551 equis
823 1500 873 1538 ad
892 1500 1028 1545 asinos,
1053 1500 1256 1537 devolutus
1284 1512 1369 1536 esse
1388 1498 1579 1536 videatur.

126 1563 169 1600 In
189 1564 279 1601 artis
299 1571 428 1601 autem
448 1562 660 1607 vocabulis,
681 1561 860 1612 quoniam
885 1561 1033 1599 Latinis
1053 1561 1190 1612 partim
1209 1574 1362 1611 prorsus
1383 1560 1574 1605 carebam,

122 1625 259 1676 partim
280 1625 371 1663 satis
391 1624 545 1676 propria
564 1637 642 1661 non
661 1624 866 1668 habebam,
897 1631 963 1661 aut
983 1623 1126 1661 Graeca
1144 1623 1227 1673 ipsa
1246 1622 1393 1673 reliqui,
1413 1629 1479 1659 aut
1497 1621 1576 1659 La-

124 1686 242 1723 tinam
265 1686 634 1737 interpretationem,
661 1697 737 1721 non
757 1698 869 1734 quam
889 1685 1004 1730 volui,
1024 1684 1091 1722 sed
1112 1697 1223 1734 quam
1244 1684 1363 1734 potui,
1385 1696 1576 1734 quamque

124 1747 319 1785 festinatio
350 1755 389 1785 et
419 1761 503 1784 mea
530 1754 569 1783 et
588 1746 816 1796 typographi
837 1759 950 1796 passa
970 1753 1042 1791 est,
1067 1745 1205 1793 adjeci.
1261 1744 1435 1795 Oporino
1462 1745 1577 1790 enim,

124 1809 301 1846 acerrimi
318 1808 454 1858 judicii
470 1808 564 1853 viro,
586 1807 701 1845 certis
723 1807 771 1844 de
792 1807 929 1852 causis,
945 1820 1039 1857 quas
1063 1820 1136 1844 nec
1156 1807 1237 1857 ipse
1257 1806 1481 1856 improbavi,
1500 1819 1577 1843 non

122 1870 244 1907 visum
266 1878 324 1908 est
344 1869 552 1920 Ulpianum
574 1867 732 1906 seorsim
754 1881 837 1905 esse
864 1867 1070 1913 edendum,
1092 1868 1173 1912 sed,
1195 1867 1373 1918 quoniam
1399 1874 1476 1904 tarn
1498 1880 1576 1905 ma-

122 1939 209 1969 ture
230 1932 279 1969 ad
299 1932 447 1969 calcem
467 1929 739 1981 pervenissem,
766 1929 1016 1980 interpretem
1041 1943 1125 1966 cum
1156 1936 1290 1966 autore
1320 1942 1391 1966 suo
1419 1932 1578 1976 conjun-

122 1993 307 2044 gendum.
364 1992 538 2030 Maxime
569 1998 700 2028 autem
728 1991 822 2028 illud
853 2004 937 2028 eum
973 1991 1023 2028 ad
1053 1991 1262 2029 editionem
1295 1990 1444 2040 impulit
1475 2003 1577 2041 pene

120 2067 418 2105 praeproperam,
449 2052 553 2103 quod
584 2065 645 2088 mc
672 2052 924 2103 longinquum
953 2052 1023 2089 iter
1043 2052 1232 2089 adornare
1258 2051 1508 2101 intelligebat,
1538 2051 1577 2088 in

124 2130 201 2167 quo
236 2117 355 2167 (apud
385 2123 536 2153 exteras
572 2115 786 2165 praesertim
816 2114 1006 2162 nationes)
1032 2115 1147 2151 homo
1177 2113 1473 2150 valetudinarius
1501 2113 1576 2151 levi

122 2177 251 2228 aliquo
267 2191 354 2215 casu
371 2177 424 2214 ita
438 2175 627 2227 prosterni
648 2182 786 2226 potest,
801 2183 842 2212 ut
862 2188 1059 2225 nunquam
1079 2181 1263 2224 resurgat.
1299 2174 1441 2211 Maluit
1460 2174 1576 2224 igitur

123 2239 329 2290 Ulpianum
348 2239 656 2289 qualemcunque
678 2236 808 2280 edere,
829 2250 943 2287 quam
965 2242 1020 2273 tot
1037 2235 1125 2272 mihi
1146 2236 1297 2272 labores
1318 2235 1471 2273 omnino
1490 2249 1578 2286 per-

121 2301 190 2346 ire,
212 2314 367 2352 quorum
388 2300 552 2337 fortasse
572 2297 776 2335 lectoribus
795 2298 910 2335 etiam
929 2297 1062 2346 aliquis
1082 2310 1172 2334 usus
1202 2310 1287 2334 esse
1303 2303 1445 2347 posset.
1476 2296 1576 2334 Nam

121 2363 153 2401 si
172 2363 337 2413 spatium
359 2375 406 2399 ac
424 2369 575 2411 tempus
595 2359 721 2403 detur,
742 2359 874 2407 multa,
894 2372 979 2409 quae
1005 2358 1095 2395 mihi
1116 2371 1269 2408 quoque
1291 2359 1452 2396 obscura
1471 2371 1575 2396 nunc

122 2432 224 2468 sunt,
239 2424 435 2461 declarare
455 2434 567 2473 posse
588 2420 735 2457 videor.
792 2421 908 2462 Quod
929 2420 1017 2470 quia
1037 2433 1113 2456 non
1129 2419 1368 2469 negligentia
1387 2432 1486 2467 mea,
1506 2418 1575 2457 sed

120 2486 285 2523 fortunae
301 2485 427 2535 culpa,
445 2497 505 2521 me
522 2483 606 2534 pilae
619 2481 736 2519 instar
751 2482 824 2518 huc
839 2489 952 2532 atque
968 2481 1263 2529 illucjaetantis,
1280 2481 1575 2531 praetermissum

123 2553 192 2591 est,
213 2546 362 2584 veniam
382 2552 561 2582 meretur.
620 2544 671 2581 Et
699 2543 839 2594 alioqui
869 2550 989 2580 toturn
1015 2543 1089 2580 hoc
1116 2555 1213 2592 opus
1233 2541 1385 2580 omnino
1405 2541 1481 2580 tale
1502 2549 1574 2587 est,

125 2614 167 2645 ut
187 2621 273 2645 cum
293 2606 433 2644 Ovidio
454 2605 660 2643 dicendum
681 2605 746 2641 sit:

421 2676 466 2707 En
483 2675 599 2704 veniam
618 2685 672 2713 pro
688 2674 777 2702 laude
794 2678 883 2711 pcto:
913 2674 1053 2704 laudatus
1071 2674 1200 2707 abunde,

467 2726 536 2755 Nou
553 2725 708 2754 fastiditus
725 2724 749 2753 si
767 2724 820 2752 tibi
836 2724 932 2755 lector
948 2736 1010 2754 ero.

602 2783 712 2821 Vale.
770 2783 942 2821 Basileae.
964 2784 1046 2822 Cal.
1069 2783 1213 2821 Martii.
1232 2783 1342 2820 Anno
1366 2794 1411 2820 M.
1427 2795 1467 2820 D.
1483 2794 1520 2823 L.
