1824 3171
607 163 689 200 AD
719 161 1186 202 DEMOSTHENEM.
1521 159 1622 199 xcvii

163 273 300 317 ganter
324 265 488 317 scriptus
507 277 756 317 pergameno,
773 278 959 304 annorum
975 265 1126 303 circiter
1145 266 1264 304 500⁶*
1321 263 1438 301 Dem.
1457 263 1620 302 Aldinus

162 328 253 365 with
268 328 391 365 MSS.
410 335 521 366 notes
542 341 613 380 per
633 328 685 366 D.
701 328 818 379 Gally
838 341 886 366 ex
904 327 1080 366 biblioth.
1097 324 1377 377 Altempsiana.
1412 325 1618 364 Demosth.

161 390 258 429 Ald.
287 390 379 427 with
407 389 529 429 MSS.
561 398 673 428 notes
701 391 804 442 apud
822 390 876 429 D.
898 389 1057 429 Askew.
1115 388 1310 426 Rhetores
1338 386 1457 437 graeci
1491 386 1620 424 collati

161 451 266 502 apud
287 451 445 491 Askew.

214 513 380 552 Codices
401 514 488 552 msti
506 514 728 552 Germanici.
750 526 1020 552 VINDOBONAE
1040 513 1079 551 in
1098 511 1336 551 bibliotheca
1357 510 1537 549 Caesarea
1560 513 1620 558 ju-

157 580 229 611 xta
247 574 504 615 Lambecium
521 584 561 614 et
577 576 806 614 Nesselium.
822 576 921 615 Cod.
944 575 1159 627 philosoph.
1174 573 1324 614 XLIV.
1338 576 1376 611 4.
1392 573 1617 612 135-137.

159 635 396 687 Olynthiaca
416 639 589 678 secunda
608 652 694 678 cum
712 638 866 677 Libanii
888 640 1136 689 Argumento
1156 650 1211 688 gr.
1233 636 1404 674 chartac.
1421 638 1458 673 4«.
1488 632 1616 672 codd.

156 698 297 749 philos,
330 707 370 739 et
401 701 588 752 philolog.
622 714 708 752 quae
742 708 800 739 est
833 700 1013 739 Nesselio
1048 713 1138 752 pars
1173 704 1323 750 quarta,
1361 696 1491 735 codex
1524 694 1617 733 XX.

156 760 315 812 Ulpiani
347 763 610 802 commentarii
641 763 756 814 graeci
787 763 825 800 in
860 762 1014 800 XVIII.
1048 775 1124 800 orr.
1158 762 1275 799 Dem.
1307 760 1430 798 chart.
1460 761 1500 796 4.
1557 757 1618 795 Ita

154 821 369 864 NesseliuS.
425 825 636 863 Dubitatur
663 833 793 863 tamen
818 831 944 862 utrum
972 823 1048 862 sint
1069 822 1240 874 Ulpiani.
1297 821 1446 859 Textus
1467 819 1617 857 Demo-

149 884 297 925 sthenis
316 900 394 925 non
422 895 597 939 apparet.
656 887 751 938 Ejus
771 894 901 924 tamen
927 886 1050 925 allatis
1079 884 1206 924 verbis
1231 885 1517 922 subnectuntur
1545 893 1614 918 an-

152 948 372 987 notationes
400 950 578 1001 quaedam
611 950 670 987 his
699 949 933 987 orationibus
961 947 1193 1000 olynthiacis
1226 946 1362 991 tribus,
1395 941 1615 996 philippicis

154 1017 332 1060 quatuor,
354 1019 490 1050 contra
508 1011 801 1058 Androffionem,
833 1018 971 1050 contra
989 1010 1169 1055 Midiam‚
1189 1022 1259 1060 pro
1281 1008 1449 1053 Corona,
1469 1019 1503 1043 c.
1523 1005 1615 1043 Ari-

151 1079 284 1119 stocr„
306 1074 353 1111 de
373 1074 470 1112 falsa
489 1075 583 1124 leg,
602 1087 636 1111 c.
655 1074 879 1124 Leptinem‚
900 1073 950 1110 de
977 1073 1078 1123 Rep.
1109 1071 1247 1117 ordin.‚
1269 1071 1318 1108 de
1343 1069 1541 1113 classibus,
1563 1067 1616 1105 de

152 1134 413 1186 Megalopol„
436 1137 484 1174 de
506 1135 638 1173 Rhod.
659 1136 786 1173 libert.
844 1134 986 1172 Codex
1005 1137 1071 1172 48.
1093 1134 1211 1170 Dem.
1232 1145 1306 1170 orr.
1329 1144 1385 1181 gr.
1407 1143 1494 1167 cum
1512 1128 1615 1167 notis

148 1193 458 1234 interlinearibus
479 1204 517 1235 et
535 1196 809 1247 marginalibus
838 1196 1079 1241 chartaceus,
1101 1195 1293 1244 antiquus,
1316 1192 1437 1230 Folio.
1458 1191 1616 1229 Nessel.

148 1257 334 1296 Attamen
352 1259 391 1296 in
409 1259 491 1310 ipso
512 1259 644 1297 codice
665 1272 711 1297 ea
729 1272 807 1296 non
826 1257 1086 1303 continentur,
1105 1269 1231 1306 neque
1245 1253 1467 1305 hujusmodi
1487 1253 1616 1292 codex

146 1328 262 1371 prout
290 1321 496 1373 descripsit
527 1321 741 1367 Nesselius,
773 1320 891 1358 hodie
925 1319 1085 1371 reperiri
1118 1324 1261 1369 potest.
1319 1316 1457 1355 Codex
1488 1319 1554 1356 59.
1573 1317 1614 1354 2.

149 1382 378 1434 Apollonius
408 1397 442 1422 c.
464 1383 688 1422 AEschinem
718 1390 758 1420 et
787 1382 969 1433 reliquos.
996 1380 1094 1431 (sic.)
1124 1384 1162 1419 3.
1206 1378 1413 1429 AEschinis,
1434 1377 1614 1429 discipuli

150 1444 336 1492 Socratis,
357 1445 543 1497 epistolae,
564 1458 726 1496 graecus,
757 1444 1001 1489 chartaceus,
1033 1441 1213 1492 antiquus
1238 1447 1279 1478 et
1307 1440 1462 1491 optimae
1494 1447 1615 1479 notae.

149 1507 288 1546 Codex
306 1509 371 1549 70.
393 1521 469 1546 orr.
486 1507 599 1546 variae
619 1521 677 1559 gr.
698 1507 870 1545 chartac.
890 1505 996 1543 folio.
1051 1503 1177 1542 Nobis
1201 1503 1256 1541 ita
1282 1502 1506 1553 designatur
1530 1501 1566 1539 V
1564 1503 1616 1539 in-

148 1569 227 1608 doh.
246 1583 281 1607 v.
299 1570 511 1621 Conspect.
540 1569 647 1608 editt.
668 1576 708 1607 et
725 1582 813 1606 mss.
834 1567 944 1606 initio
963 1567 1010 1605 T.
1029 1566 1104 1605 III.
1136 1565 1383 1618 Olynthiacae
1403 1571 1496 1609 tres,
1519 1563 1611 1601 Phi-

146 1630 242 1681 lipp.
262 1634 297 1669 1.
319 1638 357 1669 et
375 1635 412 1670 3.
435 1632 484 1669 de
504 1645 617 1682 pace,
637 1630 686 1668 de
717 1630 1004 1674 Cherrhoneso,
1037 1627 1084 1665 de
1115 1627 1331 1674 Haloneso,
1360 1627 1411 1664 ad
1443 1625 1614 1677 Philippi

148 1691 376 1743 Epistolam,
407 1692 573 1744 Philippi
603 1692 794 1744 Epistola,
822 1691 872 1729 de
903 1691 1005 1741 Rep.
1040 1689 1163 1727 ordin.
1196 1692 1231 1727 l.
1259 1689 1308 1727 de
1339 1686 1536 1733 classibus,
1563 1687 1612 1726 de

131 1754 280 1793 Rhod.
301 1755 493 1800 libertate,
507 1755 546 1792 in
565 1755 745 1800 Midim,
767 1767 838 1806 pro
856 1754 1023 1798 Corona,
1040 1752 1077 1789 in
1099 1750 1327 1789 Aristocrat.
1347 1751 1386 1788 in
1401 1750 1614 1788 Timocrat.

145 1816 186 1853 in
205 1816 359 1868 Leptin.
380 1831 447 1868 pro
467 1817 710 1869 Megalopol.
741 1816 791 1854 de
819 1816 968 1853 foedere
998 1827 1088 1853 curn
1118 1813 1237 1852 Alex.
1274 1812 1394 1850 oratio
1427 1811 1612 1850 adversus

147 1878 312 1917 Midiam
337 1880 392 1918 ita
411 1880 554 1931 scripta
574 1887 647 1925 est,
674 1886 717 1917 ut
743 1879 897 1929 integra
925 1884 1056 1916 textus
1087 1876 1206 1914 verba
1231 1874 1459 1926 praecedant
1475 1874 1515 1911 in
1534 1886 1612 1925 qua

145 1941 387 1980 enarratione
406 1955 521 1993 pagg.
538 1945 602 1980 88.
624 1944 688 1981 89.
708 1941 900 1991 integram
919 1939 1101 1992 paginam
1120 1937 1376 1989 Ulpianarum
1403 1936 1611 1974 enarratio-

145 2016 239 2041 num
260 2004 433 2042 continet
451 2005 590 2049 codex,
612 2017 698 2055 quae
718 2004 859 2042 desunt
885 2003 924 2040 in
949 2001 1062 2041 editis
1090 2001 1191 2038 inter
1218 2000 1338 2038 verba
1366 2000 1608 2036 ἀνακαλέσα-

146 2064 240 2102 σὲαι
260 2065 412 2103 δύναται
431 2073 471 2103 et
490 2066 566 2103 οὐδ’
586 2064 708 2115 ὕβριζε
726 2070 770 2119 τῇ
791 2064 1065 2115 διανοίᾳμ-Ιῐει
1083 2063 1110 2102 f.
1131 2063 1209 2113 leg.
1231 2062 1364 2099 Verba
1382 2061 1610 2112 praecedunt

145 2129 214 2178 (sc.
232 2127 492 2166 Enarrationi.
547 2127 594 2165 In
623 2142 698 2179 qua
726 2127 978 2166 Enarratione
998 2140 1037 2178 p.
1054 2129 1118 2164 88.
1139 2128 1203 2164 89.
1221 2124 1410 2174 integram
1428 2123 1611 2174 paginam

143 2189 430 2230 enarrationum
458 2190 633 2227 continet
653 2189 791 2236 codex,
816 2203 904 2240 quae
920 2189 1059 2226 desunt
1079 2194 1156 2226 etc.
1216 2187 1311 2236 Pag.
1328 2189 1393 2225 89.
1449 2185 1611 2236 Anony-

142 2252 208 2298 mi,
229 2252 333 2303 quod
354 2252 468 2302 vulgo
489 2252 629 2302 legitur
649 2259 916 2302 argumentum
941 2251 981 2287 in
1001 2257 1097 2288 orat.
1118 2249 1166 2286 de
1194 2261 1339 2287 corona
1361 2247 1486 2298 (cujus
1511 2247 1609 2285 vari-

143 2322 253 2353 antes
285 2315 474 2353 lectiones
508 2314 667 2365 excerpi
700 2314 846 2352 curavit
879 2313 981 2351 Prof.
1017 2312 1254 2356 Mascovius,
1286 2309 1512 2361 Lipsiensis,
1542 2309 1609 2360 qui

143 2377 366 2415 Editionem
385 2377 423 2413 in
444 2384 582 2414 octavo
613 2377 726 2425 hujus
755 2375 937 2414 orationis
958 2374 1176 2420 adornavit)
1204 2386 1291 2410 curn
1313 2371 1472 2422 Ulpiani
1501 2384 1609 2408 enar-

141 2446 214 2477 rat.
273 2438 440 2483 Caetera,
461 2452 546 2489 quae
566 2438 832 2476 desiderantur
862 2437 901 2475 in
927 2437 1089 2483 Incusis,
1115 2436 1233 2473 etiam
1263 2448 1287 2473 a
1312 2436 1419 2473 Msto
1452 2435 1607 2482 absunt,

140 2500 195 2539 ita
216 2508 258 2538 ut
276 2508 412 2552 postea
432 2501 638 2539 continuus
658 2507 785 2538 textus
818 2507 1015 2551 sequatur.
1072 2498 1268 2550 Anonymi
1286 2511 1435 2548 argum.
1449 2497 1488 2534 in
1509 2505 1608 2537 orat.

141 2563 229 2601 adv.
258 2563 483 2601 Aristocrat.
516 2563 621 2613 quod
651 2563 810 2613 quidem
839 2563 886 2600 ab
917 2561 1110 2613 impressis
1142 2562 1266 2606 abest,
1297 2567 1378 2598 tum
1406 2567 1536 2598 textus
1567 2566 1606 2598 et

144 2624 300 2675 Ulpiani
334 2625 538 2663 enarratio.
610 2625 747 2663 Oratio
768 2625 854 2663 adv.
878 2624 1140 2662 Timocratem
1178 2623 1353 2661 similiter
1390 2622 1603 2673 explicata.

134 2686 335 2737 ⁴Anonymi
364 2694 632 2737 argumentum
652 2686 822 2724 diffusius
852 2687 892 2724 in
912 2686 1030 2724 Dem.
1054 2686 1104 2723 de
1133 2685 1232 2723 falsa
1257 2685 1378 2736 legat.
1412 2698 1502 2722 cum
1533 2684 1604 2723 Ul-

143 2748 246 2798 piani
266 2761 390 2787 enarr.
412 2748 493 2786 sine
512 2756 632 2787 texto.
652 2748 807 2787 Libanii
827 2762 908 2800 arg.
929 2748 966 2786 in
987 2761 1042 2786 or.
1065 2762 1098 2786 c.
1115 2747 1271 2799 Leptin.
1292 2754 1333 2785 et
1351 2745 1535 2798 anonymi
1555 2745 1606 2783 al-

142 2816 267 2847 terum
288 2818 326 2849 et
353 2817 486 2849 textus·
505 2824 591 2849 cum
610 2811 700 2863 Ulp.
719 2819 885 2850 enarrat.
942 2810 1150 2850 Orationes
1166 2810 1216 2848 de
1236 2809 1319 2848 ord.
1339 2822 1420 2860 rep.
1441 2808 1490 2845 de
1511 2807 1605 2845 clas-

187 2913 202 2930 *
229 2914 264 2942 In
280 2914 336 2943 liae
357 2915 483 2954 regione
509 2921 577 2945 sunt
596 2916 732 2954 quaedam
757 2926 798 2945 ex
814 2915 1008 2945 Adversariis
1024 2913 1149 2954 Taylori
1166 2914 1272 2943 forfice
1297 2911 1414 2942 excisa.
1460 2909 1604 2939 Wolfen-

142 2965 267 2996 butielae
283 2966 423 3005 ignorant
439 2967 599 3007 ipsumque
617 2969 767 3003 codicem,
785 2973 815 2998 et
831 2968 983 3008 quomodo
1001 2967 1030 2996 in
1049 2971 1231 3006 potestatem
1248 2963 1371 3004 Tay-lori
1389 2961 1576 3003 pervenerit.

198 3029 295 3055 VOL.
328 3030 356 3058 1.
861 3032 882 3055 72
