1824 3171
118 109 224 148 lxxvi
664 114 695 151 1.
727 114 978 154 TAYLORI

175 212 273 249 Eum
303 218 344 249 ut
372 213 422 250 ad
442 213 500 251 Te
520 214 757 265 potissimum
778 218 984 265 deferrem,
1005 218 1074 255 Vir
1100 215 1360 261 Nobilissime,
1389 213 1498 254 nobis
1518 215 1575 254 fen

118 272 300 310 licissime
331 274 457 319 cessit,
485 276 588 325 quod
608 289 684 313 non
714 291 800 316 mea
818 293 878 317 me
899 280 1020 330 magis
1040 279 1216 316 voluntas
1244 278 1431 323 incitaret,
1459 290 1574 328 quam

120 334 349 373 admoneret
360 335 515 385 publica
531 338 700 374 omnium
717 341 966 390 exspectatio.
1024 339 1300 389 Efflagitarunt,
1321 340 1490 391 inquam,
1507 352 1577 390 po-

119 395 269 446 pulares
291 396 377 442 Tui,
398 404 439 433 ut
457 398 630 446 prodiret
657 399 725 437 iste
742 409 865 439 orator
883 402 969 438 Tuo
985 401 1131 438 numini
1152 409 1415 450 consecratus,
1436 401 1575 438 eodem

121 456 261 501 animo,
282 470 358 507 quo
378 457 560 503 sentiunt,
591 460 726 497 eodem
757 474 835 507 ore,
867 476 944 513 quo
966 462 1203 513 profitentur,
1226 463 1284 500 Te
1314 463 1427 500 unice
1446 469 1576 500 natum

122 530 206 555 esse
226 518 275 555 ad
295 531 381 555 eum
398 518 563 556 feliciter
581 520 816 559 imitandum.
856 524 1087 568 Voluerunt,
1100 530 1142 560 ut
1161 530 1275 569 esset,
1294 524 1421 574 aliqua
1441 523 1577 561 saltem

123 593 174 618 ex
195 587 316 630 parte,
339 580 448 618 locus
472 581 568 618 Tuae
588 582 836 621 sollicitudini
866 585 904 622 in
926 598 972 623 eo
993 592 1154 623 auctore
1175 585 1340 629 edendo,
1363 597 1476 634 quem
1497 597 1578 621 om-

121 641 234 678 nibus
254 640 299 677 iis
319 641 535 687 virtutibus,
557 656 644 693 quae
668 644 818 682 civilem
847 646 1037 683 hominem
1059 645 1213 690 decent,
1245 658 1357 696 quem
1379 645 1502 695 gratia
1521 643 1578 681 di-

122 702 249 749 cendi,
272 702 514 740 consiliorum
540 705 741 754 gravitate,
761 706 972 745 incredibili
997 706 1125 744 studio
1148 707 1242 757 reip.
1272 714 1311 744 et
1330 719 1475 757 genere
1495 717 1579 743 ora-

124 764 252 810 tionis,
274 772 398 803 totum
419 766 610 804 effinxisti.

177 826 346 864 Proinde
365 828 502 866 merito
522 829 750 880 gaudebam,
772 846 859 870 eum
880 832 1045 871 maxime
1067 847 1116 872 ex
1138 832 1239 871 omni
1268 831 1498 884 antiquitate
1526 829 1578 868 ad

120 887 221 925 hanc
253 895 421 925 nostram
455 897 622 937 oetatem,
655 906 858 944 meamque
892 907 1049 944 operam
1080 894 1265 932 reservari
1294 893 1579 944 expoliendum.

126 950 246 997 Cujus
267 949 470 998 evulgandi
503 951 600 988 ratio
630 959 709 990 tam
738 955 929 1005 propriam
951 956 1038 992 Tibi
1065 963 1103 993 et
1128 955 1364 1006 peculiarem
1394 955 1493 992 hanc
1513 966 1581 992 no-

123 1016 239 1047 stram
259 1010 586 1060 nuncupationem
605 1013 712 1060 fecit,
733 1028 847 1065 quam
869 1016 1036 1053 diuturni
1056 1016 1237 1067 temporis
1258 1029 1347 1055 usus
1369 1015 1583 1054 istiusmodi

123 1070 478 1109 commendationes
494 1073 554 1109 vcl
578 1086 801 1113 communes
818 1076 954 1122 reddit,
976 1078 1036 1114 vel
1056 1078 1298 1128 suspiciosas.
1356 1077 1459 1115 Nihil
1481 1077 1583 1114 enim

124 1131 386 1178 assentationi,
407 1133 499 1171 nihil
516 1137 786 1174 consuetudini
806 1138 936 1175 datum
958 1138 1000 1175 iri
1020 1140 1144 1177 sensi:
1175 1139 1267 1176 nihil
1288 1138 1336 1177 de
1358 1138 1416 1176 Te
1436 1139 1489 1176 ita
1508 1137 1584 1175 dici

125 1207 253 1245 posse,
275 1202 316 1231 ut
335 1195 436 1232 idem
463 1195 555 1234 illud
577 1197 626 1234 de
655 1198 743 1243 alio,
766 1199 825 1236 vel
846 1199 883 1236 in
902 1200 989 1245 hac,
1012 1201 1072 1238 vel
1098 1201 1137 1238 in
1163 1201 1280 1251 longa
1299 1202 1488 1250 majorum
1507 1211 1584 1237 me-

126 1256 260 1302 moria,
284 1256 360 1294 dici
379 1257 549 1305 potuisse
564 1258 778 1297 videretur:
809 1268 958 1298 tantum
975 1270 1103 1299 autem
1125 1275 1147 1299 a
1166 1275 1227 1299 me
1249 1270 1478 1312 exspectare
1499 1273 1583 1298 ora-

126 1317 238 1355 tionis
259 1319 542 1365 necessitatem‚
564 1328 748 1371 quantum
775 1323 823 1360 ab
844 1323 925 1361 aliis
949 1324 1047 1362 solet
1067 1324 1127 1362 vel
1153 1324 1397 1362 emendicare
1417 1323 1584 1369 fortuna,

129 1387 170 1418 et
189 1380 404 1431 exprimere
425 1381 608 1421 adulatio.

182 1441 443 1492 Praeterquam
466 1457 570 1489 vero,
591 1446 695 1496 quod
715 1448 889 1485 omnibus
916 1455 1049 1486 notum
1071 1448 1131 1494 sit,
1152 1448 1216 1498 qui
1238 1448 1286 1485 de
1306 1447 1468 1498 hujusce
1489 1459 1584 1497 gen*

128 1501 176 1540 tis
196 1502 372 1541 laudibus
393 1504 536 1555 aliquid
557 1515 708 1552 norunt,
727 1516 914 1558 quantum
936 1510 1211 1548 nobilissimum
1234 1510 1338 1547 hunc
1358 1509 1585 1560 scriptorem

132 1576 213 1614 prae
235 1565 386 1602 caeteris
415 1566 581 1617 antiquae
603 1569 827 1607 eruditionis
855 1578 893 1608 et
923 1570 1151 1621 eloquentiae
1171 1571 1390 1609 auctoribus
1410 1569 1587 1615 didicisti,

133 1625 246 1666 nobis
275 1625 314 1662 id
341 1626 456 1664 etiam
484 1628 659 1678 privatim
685 1630 905 1678 innotescit,
927 1639 1074 1669 tantum
1095 1645 1182 1670 eum
1201 1632 1288 1669 Tibi
1308 1632 1459 1670 adferre
1479 1631 1585 1669 volu-

133 1687 249 1737 ptatis
263 1686 299 1723 in
317 1688 543 1736 evolvendo,
558 1699 740 1742 quantum
753 1693 909 1743 publice
925 1694 1106 1731 adtulerit
1119 1693 1267 1731 fructus
1284 1693 1331 1731 ad
1347 1693 1586 1730 imitandum.

135 1749 299 1791 Quoties
321 1749 378 1787 Te
407 1750 534 1788 audivi
563 1752 706 1801 (audivi
734 1762 861 1791 autem
892 1755 1178 1805 saepenumero)
1199 1755 1415 1793 memoriter
1435 1768 1482 1792 ea
1500 1754 1588 1792 loca

133 1810 340 1855 adducere,
361 1818 473 1861 prout
499 1813 684 1851 sermonis
714 1816 831 1851 nostri
861 1817 957 1853 ratio
986 1817 1219 1867 postulabat,
1240 1831 1326 1868 quae
1354 1817 1418 1855 ille
1438 1817 1499 1854 vel
1529 1830 1589 1854 sa-

130 1872 282 1923 pienter
302 1872 340 1909 in
360 1886 469 1910 usum
494 1887 647 1911 suorum
667 1875 804 1913 civium
826 1876 1047 1923 elaboravit,
1068 1878 1129 1916 vel
1157 1879 1361 1929 magnifice
1386 1879 1436 1916 ad
1461 1885 1589 1929 poste-

134 1946 265 1970 rorum
286 1933 591 1980 admirationem,
613 1937 727 1975 toties
749 1937 806 1975 Te
828 1939 981 1976 memini
1002 1947 1108 1977 tanta
1124 1953 1210 1977 cum
1231 1941 1367 1990 gratia,
1390 1947 1495 1978 tanta
1515 1939 1590 1977 oris

134 1995 337 2041 suavitate,
359 2003 438 2034 tam
457 1997 656 2047 eleganter
677 2012 723 2036 ea
739 1999 913 2046 recitare,
930 2013 1045 2050 quam
1064 2001 1127 2037 ille
1147 2001 1338 2052 scripserit
1357 2001 1537 2039 feliciter.

186 2057 274 2095 Jam
294 2070 386 2095 vero
408 2059 520 2109 quale
541 2066 600 2097 est
617 2059 723 2107 illud,
746 2075 822 2099 non
843 2062 965 2099 solum
985 2061 1110 2100 studio
1131 2070 1169 2099 et
1188 2063 1342 2101 assiduo
1362 2064 1494 2101 labore
1516 2063 1593 2101 effi-

135 2132 240 2164 cere,
268 2126 309 2156 ut
329 2120 389 2156 hae
409 2128 510 2158 artes
530 2129 659 2159 essent
677 2122 715 2159 in
737 2123 795 2161 Te
812 2137 983 2170 summae,
1005 2137 1138 2161 verum
1160 2124 1272 2162 etiam
1291 2125 1412 2174 gratia
1435 2131 1473 2162 et
1491 2138 1592 2175 prae-

136 2181 246 2225 sidio,
269 2187 311 2218 ut
331 2182 435 2232 apud
461 2182 555 2220 alios
575 2184 859 2234 quodammodo
880 2192 1009 2223 essent
1029 2189 1247 2236 perpetuae!
1278 2186 1379 2223 Nam
1400 2200 1486 2224 cum
1507 2199 1590 2224 ora-

139 2252 263 2282 torem
284 2244 385 2282 hunc
403 2252 575 2282 nostrum
597 2246 887 2284 emaculandum
908 2247 946 2284 in
967 2261 1028 2285 me
1050 2248 1273 2298 receperim,
1297 2247 1440 2298 (recepi
1460 2255 1592 2285 autem

139 2306 358 2356 diligenter,
375 2319 459 2342 cum
475 2307 570 2344 tanti
592 2308 757 2345 auctoris
778 2308 1017 2354 celebritate,
1035 2317 1114 2346 tum
1136 2309 1209 2346 Tui
1231 2309 1393 2347 nominis
1407 2309 1591 2360 religione

141 2381 218 2405 non
239 2367 486 2406 mediocriter
505 2369 716 2419 permotus)
737 2369 828 2406 nihil
844 2383 867 2408 a
887 2370 945 2408 Te
965 2384 1042 2408 non
1063 2377 1120 2408 est
1138 2370 1389 2416 elaboratum,
1405 2379 1445 2408 ut
1465 2371 1593 2422 prodi-

140 2437 201 2467 ret
228 2436 309 2466 tum
339 2430 589 2475 ornatissime,
610 2438 691 2468 tum
721 2431 834 2469 etiam
862 2432 1186 2470 emendatissime.
1244 2432 1414 2470 Proinde
1438 2433 1595 2470 DEMO-

147 2493 355 2528 STHENEM
377 2491 502 2528 Tuum
520 2492 621 2528 omni
639 2492 849 2530 officiorum
868 2493 1219 2544 beneficiorumque
1241 2507 1385 2544 genere
1405 2493 1593 2531 demereri

141 2552 273 2597 velles,
291 2560 329 2589 et
351 2559 390 2589 ut
410 2559 556 2589 tantum
575 2555 653 2603 jam
675 2553 774 2591 foret
795 2555 832 2592 in
852 2554 1010 2593 consilio
1032 2562 1100 2592 tuo
1115 2555 1389 2599 sollicitudinis,
1405 2562 1593 2606 quantum

140 2615 229 2653 olim
245 2622 327 2652 erat
342 2615 380 2651 in
402 2616 576 2665 exemplo
597 2616 848 2655 auctoritatis.
909 2617 996 2654 Non
1017 2617 1052 2653 in
1073 2617 1336 2654 adumbranda
1352 2616 1476 2667 operis
1504 2616 1594 2654 ima-

141 2677 243 2728 gine,
260 2690 337 2714 non
358 2675 394 2713 in
416 2676 608 2714 ordinibus
629 2677 876 2728 disponendis
907 2686 1021 2729 atque
1041 2678 1283 2722 adornandis,
1312 2678 1436 2715 Tuum
1458 2677 1593 2715 deerat

139 2738 308 2776 studium
331 2745 396 2775 aut
415 2737 625 2788 diligentia,
646 2753 721 2776 non
753 2740 918 2777 hortatio
939 2741 988 2777 ad
1009 2753 1054 2778 ea
1079 2740 1163 2777 loca
1181 2739 1345 2790 penitius
1368 2739 1592 2785 recolenda,

140 2800 205 2838 nbi
222 2799 430 2837 desiderari
448 2800 640 2838 videretur
661 2801 835 2852 qumdam
853 2801 965 2838 animi
982 2801 1155 2846 intentio,
1174 2814 1250 2838 non
1270 2802 1306 2837 in
1328 2801 1371 2837 iis
1387 2815 1463 2838 una
1482 2814 1593 2840 reco-

141 2862 263 2901 lendis
282 2861 437 2900 solertia
466 2870 503 2899 ct
534 2863 753 2902 auctoritas
814 2863 939 2901 Nemo
970 2872 1050 2901 erat
1070 2863 1129 2902 vel
1159 2863 1394 2914 supellectile
1429 2863 1592 2910 libraria,
