1824 3171
595 189 668 228 AD
699 180 1162 228 DEMOSTHENEM.
1495 193 1623 231 cxxvii

161 304 247 329 cum
267 291 521 329 souo‘fluctus
541 291 721 339 illideret,
748 292 954 337 meditans,
981 293 1263 331 consuescebat
1294 293 1522 331 concionum
1545 296 1618 333 fre-

159 353 272 390 mitus
303 365 380 389 non
412 365 690 403 expavescere.
732 354 896 396 Quintil.
928 353 978 391 X.
1000 357 1036 390 3.
1081 353 1220 391 Cicero
1242 353 1290 391 V.
1313 354 1361 391 de
1383 355 1462 391 Fin.
1488 356 1617 392 Valer.

161 414 271 452 Max.
289 413 399 451 VIII.
420 415 457 454 7.
480 414 676 453 Plutarch.
732 415 922 454 solitudo.
947 415 1236 453 Demosthenes
1263 415 1412 461 melius,
1435 416 1498 466 qui
1518 429 1557 453 se
1578 416 1617 453 in

160 475 299 519 locum,
321 487 368 510 ex
387 487 462 524 quo
481 476 588 513 nulla
617 476 788 514 exaudiri
816 489 908 523 vox,
938 476 1107 526 nihilque
1137 476 1302 527 prospici
1323 483 1465 528 posset,
1487 490 1620 514 recon-

159 535 289 583 debat,
311 548 359 573 ne
380 536 483 574 aliud
510 550 627 588 agere
656 546 825 576 mentem
845 545 1031 589 cogerent
1052 538 1164 576 oculi.
1196 538 1354 581 Quintil.
1377 539 1426 577 X.
1449 542 1486 577 3.
1527 539 1618 576 Plu-

155 597 276 634 tarch.
297 596 435 636 Liban.
455 598 561 636 Suid.
581 600 695 638 Phot.
712 614 749 651 p.
768 603 860 639 803.
912 600 1158 651 ‘Yfipon-o‘rng.
1179 599 1344 638 Lucian.
1364 600 1504 638 Liban.
1528 600 1620 637 Phi-

154 657 247 709 lipp.
264 661 301 697 2.
320 676 359 697 π.
380 660 622 712 παραπρεσβ.
645 661 794 700 Athen.
814 676 853 713 p.
874 665 940 700 4⁴4⁴.
972 661 1036 699 lib.
1059 665 1095 699 2.
1116 675 1155 713 p.
1172 675 1223 699 m.
1244 664 1310 700 22.
1367 663 1519 700 Decem
1549 675 1616 713 pa-

155 718 212 757 nis
233 721 357 758 unciae
377 721 535 768 diurnae,
556 729 596 760 et
626 735 738 775 aquae
768 724 882 762 tertia
912 723 1068 762 sextarii
1089 736 1190 775 pars,
1248 724 1321 762 His
1347 724 1474 762 anima
1498 725 1619 774 magis

156 782 332 827 trahitur,
355 796 468 834 quam
489 791 736 824 sustentatur.
793 785 871 827 Qui
889 784 998 823 cibus
1016 793 1183 836 etpotus
1201 786 1313 835 juxta
1332 785 1519 837 inclytum
1539 798 1621 823 ora-

155 849 278 881 torem
300 844 619 892 Demosthenem,
640 860 717 884 non
737 846 837 885 vires
857 846 1002 892 tribuit,
1025 847 1095 884 sed
1123 854 1283 885 mortem
1301 846 1491 899 prohibet.
1523 847 1620 884 Hie-

155 918 304 956 ronym.
323 907 472 946 Comm.
493 907 531 945 in
551 914 723 959 quartum
754 916 872 960 caput
902 908 1092 947 Danielis.
1125 908 1273 959 [Locus
1303 922 1325 947 a
1353 922 1392 947 re
1425 908 1620 960 proposita

160 966 446 1018 alienissimus]
482 969 638 1007 Servius
668 970 717 1008 ad
739 971 824 1007 AEn.
847 970 924 1008 III.
948 974 1010 1009 14.
1043 985 1079 1009 v.
1101 970 1323 1008 Brodaeum.
1383 972 1509 1014 Quem
1539 978 1618 1008 tres

155 1029 306 1068 caliculi
322 1031 427 1082 [lege
448 1031 664 1083 cauliculi]‚
686 1032 827 1070 selibra
846 1033 968 1079 farris,
987 1032 1150 1070 Racemi
1173 1033 1262 1079 duo,
1294 1033 1424 1083 tegula
1452 1033 1523 1070 sub
1544 1046 1620 1071 una

157 1091 219 1129 Ad
238 1105 425 1130 summam
447 1106 567 1144 prope
596 1094 771 1131 nutriunt
799 1101 1010 1132 senectam.
1069 1094 1278 1132 Bibaculus
1299 1095 1348 1132 de
1366 1094 1521 1132 Valerio
1543 1096 1618 1133 Ca-

157 1160 248 1191 tone
268 1154 371 1205 apud
391 1154 481 1191 Non
499 1155 680 1193 Marcell.
699 1158 751 1198 εἰς
771 1158 915 1206 ἡμέραν
935 1156 1093 1202 ἑκάστην
1114 1159 1269 1199 κοτύλας
1288 1156 1350 1194 δύο
1371 1160 1499 1207 κριθῶν
1519 1160 1618 1208 λαμ-

155 1215 353 1263 βάνοντες,
374 1219 433 1255 καὶ
462 1221 554 1268 μίαν
583 1218 731 1261 ὕδατος.
752 1218 911 1255 diarium
933 1217 1231 1255 Atheniensium
1260 1218 1298 1255 in
1328 1218 1457 1256 Sicilia
1487 1227 1618 1270 capto-

153 1290 236 1314 rum
257 1284 296 1315 et
316 1278 365 1315 ad
385 1277 613 1329 lapidicinas
639 1279 726 1328 (sic)
757 1279 1009 1317 detrusorum.
1068 1279 1265 1317 Plutarch.
1286 1279 1324 1317 in
1345 1280 1469 1318 Niciae
1486 1280 1561 1318 fine
1581 1294 1617 1318 v.

156 1338 337 1378 Gothofr.
361 1340 411 1378 ad
432 1340 524 1378 XII.
545 1342 624 1379 tab.
654 1356 691 1392 p.
717 1345 805 1381 199.
851 1341 1033 1393 Thucyd.
1065 1340 1157 1378 VII.
1191 1342 1260 1379 ult.
1295 1342 1419 1395 [Quid
1449 1343 1535 1380 haec
1567 1343 1618 1380 ad

155 1400 459 1440 Demosthenem
473 1403 514 1455 P]
576 1403 730 1441 Servius
751 1403 1060 1441 Demosthenem
1082 1403 1309 1442 abstemium
1338 1404 1456 1442 fuisse
1486 1404 1618 1451 refert,

156 1464 204 1500 ob
225 1463 339 1514 idque
360 1464 515 1503 acrioris
543 1473 706 1504 naturae.
747 1464 902 1509 Πυθέας
922 1469 1049 1517 φησίν.
1089 1465 1216 1503 Ἀλλὰ
1240 1467 1324 1509 τοὺς
1355 1471 1421 1504 νῦν
1442 1466 1617 1516 δημαγω-

159 1525 250 1574 γοὺς
271 1527 391 1577 ὁρᾶτε,
413 1527 662 1579 Δημοσθένην
683 1529 742 1566 καὶ
763 1528 954 1580 Δημάδην,
984 1532 1032 1571 ὡς
1051 1530 1233 1571 ἐναντίως
1253 1534 1328 1571 τοῖς
1347 1527 1447 1577 βίοις
1467 1529 1621 1568 διάκειν-

156 1604 229 1625 ται.
256 1589 275 1625 ὁ
302 1590 372 1639 μὲν
400 1592 472 1641 ’γὰρ
493 1590 704 1641 ὑδροποτῶν
735 1591 793 1627 καὶ
820 1597 1004 1642 μεριμνῶν
1032 1593 1099 1632 τὰς
1129 1591 1276 1635 νύκτας,
1304 1593 1352 1633 ὥς
1381 1599 1508 1643 φασιν.
1543 1594 1562 1630 ὁ
1583 1592 1623 1630 δὲ

154 1648 415 1699 πορνοβοσκῶν
447 1652 506 1688 καὶ
536 1651 811 1704 μεθυσκόμενος
840 1653 935 1689 κατεῖ
951 1655 1018 1698 τὴν
1038 1653 1177 1703 ἡμέραν
1197 1652 1371 1699 ἑκάστην,
1393 1654 1622 1704 προγάστωρ

153 1713 242 1762 ἡμῖν
265 1712 308 1748 ἐν
333 1717 416 1755 ταῖς
445 1713 661 1759 ἐκκλησίαις
692 1715 966 1752 ἀνακυκλεῖται.
987 1713 1129 1751 Athen.
1149 1714 1175 1751 l.
1192 1716 1229 1752 2.
1260 1714 1449 1752 Demadis
1470 1715 1619 1754 dictum

153 1776 203 1817 ὡς
229 1773 262 1811 οἷ
288 1774 359 1825 μὲν
390 1776 501 1812 ἄλλοι
535 1776 628 1826 πρὸς
657 1775 754 1827 ὕδωρ
784 1778 948 1824 λέγοιεν,
971 1779 1035 1813 τὸν
1062 1777 1305 1828 Δημοσθένην
1331 1777 1371 1814 δὲ
1398 1778 1489 1829 πρὸς
1522 1778 1619 1830 ὕδωρ

153 1836 311 1888 γράφειν
336 1836 498 1874 Lucian.
529 1837 695 1877 Encom.
717 1838 846 1876 facete
873 1845 913 1875 et
941 1845 1070 1876 acute.
1099 1840 1226 1887 λέγειν
1247 1839 1339 1891 πρὸς
1369 1839 1462 1891 ὕδωρ
1483 1840 1619 1880 Davis.

154 1891 205 1935 ad
227 1897 407 1936 Ciceron.
436 1899 593 1937 Tuscul.
616 1900 668 1937 D.
690 1913 728 1950 p.
754 1903 842 1938 164.
869 1900 908 1937 id
933 1907 993 1937 est
1024 1900 1074 1937 ad
1099 1900 1124 1937 l.
1145 1903 1183 1939 2.
1219 1908 1335 1953 caput
1362 1909 1618 1953 postremum.

154 1959 253 1998 Cum
286 1960 461 1998 Demade
493 1960 573 1999 risit
604 1961 844 2000 Philocrates
864 1962 982 2001 Dem.
1011 1976 1050 2013 p.
1068 1965 1160 2001 216.
1183 1963 1228 2002 C.
1251 1970 1289 2001 et
1317 1977 1357 2014 p.
1373 1967 1464 2003 301.
1483 1965 1534 2003 A.
1552 1965 1618 2003 ed.

153 2022 277 2060 Wolf.
334 2023 597 2061 Humerorum
616 2024 751 2062 vitium
773 2025 943 2063 correxit
966 2038 1139 2077 appenso
1160 2039 1181 2064 e
1201 2026 1444 2077 laquearibus
1473 2028 1619 2078 gladio.

152 2083 351 2121 Plutarch.
372 2084 514 2123 Liban.
538 2086 744 2124 Jactantur
775 2094 814 2124 et
842 2087 1003 2124 humeri.
1033 2087 1138 2137 quod
1169 2087 1301 2125 vitium
1330 2088 1617 2128 Demosthenes

151 2144 206 2183 ita
226 2145 365 2183 dicitur
386 2146 624 2193 emendasse,
646 2154 688 2185 ut
714 2161 800 2185 cum
820 2147 857 2185 in
879 2155 1043 2198 angusto
1068 2149 1234 2198 quodam
1261 2150 1409 2201 pulpito
1435 2158 1538 2190 stans
1559 2152 1616 2189 di-

152 2214 271 2253 ceret,
307 2207 418 2246 hasta
448 2208 612 2247 humero
641 2209 866 2260 dependens
898 2209 1126 2256 immineret,
1157 2217 1199 2248 ut
1233 2211 1263 2248 si
1295 2212 1425 2250 calore
1460 2213 1618 2251 dicendi

153 2269 332 2308 vitareid
352 2270 573 2316 excidisset,
596 2271 848 2309 offensatione
868 2271 934 2309 illa
954 2279 1279 2311 commoneretur.
1310 2274 1472 2316 Quinm.
1490 2275 1562 2313 XI.
1578 2280 1617 2315 3.

154 2332 378 2383 Speculum.
396 2333 595 2371 Plutarch.
615 2333 821 2385 Apuleius,
877 2334 1008 2371 Decor
1025 2347 1180 2385 quoque
1200 2348 1222 2372 a
1242 2342 1487 2388 gestukatque
1507 2345 1617 2376 motu

150 2394 266 2432 venit.
290 2394 455 2445 ideoque
487 2395 776 2434 Demosthenes
811 2396 957 2446 grande
993 2396 1188 2447 quoddam
1218 2397 1370 2437 intuens
1397 2400 1619 2452 speculum,

152 2469 386 2508 componere
408 2456 600 2495 actionem
616 2458 776 2496 solebat.
806 2459 966 2500 Quintil.
985 2459 1055 2496 XI.
1072 2461 1111 2497 3.
1168 2459 1334 2509 Vigiliae.
1357 2462 1501 2500 Dolere
1522 2476 1618 2514 quo-

149 2518 223 2556 ties
251 2518 483 2557 antelucana
512 2518 690 2569 opificum
716 2520 840 2557 victus
865 2527 965 2558 esset
982 2519 1179 2558 industria.
1211 2521 1349 2560 Cicero
1365 2523 1437 2562 IV.
1459 2525 1615 2563 Tuscul-

151 2580 428 2630 Interrogatus‚
461 2587 542 2623 πῶς
569 2586 635 2627 τῆς
662 2582 854 2633 ῥητορικῆς
874 2586 1112 2633 περιεγένους
1141 2586 1258 2621 πλέον
1279 2586 1346 2635 ἔφη
1366 2584 1493 2624 ’ἔλαιον
1513 2588 1616 2625 οἴνου

152 2641 384 2686 δαπανήσας.
445 2641 621 2680 Stobaeus
650 2644 774 2681 Serm.
805 2646 870 2683 29.
900 2657 947 2682 ex
980 2644 1195 2682 Aristotelis
1228 2646 1367 2685 Chriis.
1399 2647 1616 2686 Diomedes

152 2704 434 2754 grammaticus.
491 2705 639 2747 Quodsi
659 2713 851 2757 proponat
870 2706 980 2744 nobis
1000 2706 1148 2757 aliquis,
1168 2720 1286 2758 quare
1307 2709 1451 2748 dictum
1470 2711 1618 2748 Demo-

151 2765 309 2811 sthenis,
340 2765 426 2816 plus
455 2765 528 2804 olei
560 2780 671 2816 quam
703 2767 778 2804 vini
808 2768 1050 2819 expendisse,
1082 2767 1223 2806 dicitur
1243 2776 1282 2807 et
1302 2784 1434 2809 omnes
1456 2773 1616 2822 opifices

152 2827 348 2865 nocturnis
367 2840 520 2878 semper
539 2828 674 2878 vigiliis
695 2829 939 2879 praevenisse.
986 2829 1218 2881 Hieronym.
1235 2832 1354 2883 Apol.
1376 2833 1461 2871 adv.
1484 2833 1616 2871 Rufin.

153 2887 178 2926 l.
200 2891 234 2926 l.
289 2887 422 2939 Πυθέᾳ
443 2890 482 2928 δὲ
501 2891 520 2927 ὁ
543 2892 669 2940 κρότος
699 2897 771 2929 τῶν
806 2890 1084 2942 ἕημοσθενικῶν
1113 2891 1243 2941 λόγων
1271 2896 1419 2939 ἀπόζειν
1448 2896 1616 2947 ἐφαίνετο
