1824 3171
143 93 300 132 lxxxviii
713 92 746 134 Ῐ.
777 93 1031 135 TAYLORI

138 206 316 236 vatorum
336 211 443 236 usum
475 197 564 235 mihi
593 198 778 236 invidere.
836 199 1047 253 Utriusque
1062 198 1216 252 generis
1232 195 1407 249 exempla
1421 193 1596 247 plurima,

137 260 320 307 currenti,
347 266 390 298 ut
418 259 536 305 aiunt,
564 265 660 306 rota,
690 260 835 298 lubenti
856 268 895 299 et
915 263 1130 312 gratissimo
1155 261 1280 300 animo
1310 272 1373 297 me
1398 257 1598 309 accepisse

140 323 322 374 praedico.
379 323 450 360 Me
479 323 626 360 interea
651 334 834 372 measque
859 336 971 362 curas
996 325 1149 363 favente
1178 323 1317 368 animo,
1337 320 1505 372 quisquis
1539 330 1596 365 es,

140 386 317 436 accipito,
345 397 471 436 neque
496 383 650 422 nescius
669 390 765 429 esto,
785 396 847 422 me
875 384 912 421 in
937 385 995 431 iis,
1011 399 1096 437 quae
1121 385 1251 428 fidem,
1270 382 1509 428 modestiam,
1529 386 1598 419 aut

138 448 434 487 sollicitudinem
453 446 687 492 desiderant,
708 445 966 484 Demostheni
985 461 1063 486 non
1083 446 1319 486 defuturum.

625 606 1110 658 CONSPECTUS

468 724 720 756 EDITIONUM
745 716 1261 760 MANUSCRIPTORUMQUE,

293 810 378 847 Una
395 823 472 847 cum
495 821 632 855 Nous,
653 809 793 858 quibus,
815 809 1010 858 compendii
1027 808 1170 858 gratia,
1191 807 1442 856 designantur.

189 903 300 955 AM]
333 905 498 941 En11-10
516 902 789 941 Demosthenis
806 902 962 947 Graeca,
979 900 1155 938 Venetiis
1174 905 1376 950 procurata
1394 897 1442 934 ab
1466 896 1593 934 Anno

137 966 218 1004 P10
241 966 473 1011 MANurm,
496 965 548 1003 A.
570 967 686 1004 1504.
717 964 801 1002 Fol.
820 964 941 1002 Juxta
959 962 1061 1000 istud
1081 960 1280 1012 exemplar
1300 958 1497 1011 descripta
1516 963 1598 996 erat

135 1027 267 1066 Editio
287 1026 450 1065 Basileae
469 1027 656 1078 impressa
674 1027 722 1064 ab
740 1024 940 1076 Hervagio
960 1026 1076 1064 1532.
1112 1023 1197 1062 Fol.

186 1147 384 1200 feliciam]
402 1146 533 1185 Editio
547 1147 699 1191 Graeca,
710 1158 795 1183 rara
810 1150 848 1182 et
863 1142 1114 1188 emendatior,
1124 1154 1238 1192 quam
1251 1140 1398 1179 curavit
1411 1139 1443 1178 I.
1453 1140 1594 1179 BERN.

135 1209 423 1255 mmmmm,
433 1208 626 1259 impressit
637 1214 766 1246 autem
775 1205 947 1244 venetiis
962 1204 1193 1242 Franciscus
1206 1203 1541 1241 Bruciolus1543.
1554 1205 1594 1240 8.

135 1271 253 1310 Hanc
271 1271 400 1317 etiam,
419 1284 467 1308 ne
486 1271 636 1308 literula
656 1269 811 1320 quidem
828 1268 1038 1313 immutata,
1054 1266 1155 1318 typis
1183 1265 1261 1303 suis
1289 1264 1455 1316 exprimi
1473 1263 1596 1303 voluit

134 1333 371 1385 Hervagius,
388 1333 479 1372 Bas.
498 1334 614 1373 1547.
631 1334 670 1369 8.

185 1453 352 1503 Manna]
382 1452 513 1491 Editio
533 1452 686 1497 Graeea,
719 1450 811 1489 satis
841 1455 1022 1487 accurata
1053 1454 1094 1485 et
1127 1444 1296 1485 melioris
1329 1450 1448 1491 notae,
1476 1456 1591 1497 quam

133 1515 241 1555 dedit
266 1515 447 1554 PAuLus
477 1515 726 1553 MANUTws
743 1512 916 1551 Venetiis
938 1513 1054 1551 1554.
1075 1513 1113 1548 8.

184 1636 320 1674 Morel.
342 1636 516 1673 Benenat.
538 1635 659 1673 Paris.
680 1632 830 1685 Latet]
866 1630 1133 1670 Pulcherrima
1161 1637 1201 1668 et
1233 1628 1431 1667 luculenta
1452 1628 1587 1667 Editio

132 1699 288 1745 Graeca,
317 1712 366 1737 ex
386 1698 529 1736 Aldina
559 1709 754 1748 expressa,
776 1702 815 1734 et
838 1707 925 1732 cum
953 1692 1124 1745 plurimis
1150 1692 1278 1730 Codd.
1308 1691 1437 1729 MStis
1466 1691 1505 1728 in
1533 1691 1590 1728 bi—

130 1762 326 1800 bliotheca
345 1761 468 1811 Regis
489 1759 692 1799 Parisiensi
730 1758 882 1798 collata.
958 1757 1054 1794 Eam
1086 1755 1218 1806 utique
1251 1754 1448 1792 inchoavit
1477 1753 1592 1793 GUL.

132 1825 384 1870 Momzmus,
406 1822 690 1874 Typographus
711 1820 875 1871 Regius,
896 1817 1150 1856 intermissam
1175 1829 1281 1862 vero,
1300 1816 1380 1854 sive
1410 1817 1460 1853 ob
1491 1816 1591 1853 inte-

129 1887 268 1926 stinum
282 1886 439 1930 bellum,
456 1885 535 1922 sive
553 1883 710 1922 Morelii
731 1882 890 1927 obitum,
910 1887 998 1932 post
1017 1879 1248 1918 decennium
1270 1879 1442 1930 elapsum
1463 1877 1590 1916 redin-

131 1948 298 1999 tegravit
317 1947 527 1985 Successor
540 1949 619 1994 ejus
640 1945 672 1981 Ι.
693 1945 988 1982 BENENATUS:
1020 1945 1128 1990 cujus
1150 1947 1288 1991 rogatu
1310 1940 1445 1978 D10N.
1464 1939 1590 1977 LAM-

129 2022 264 2048 Bmus
286 2007 599 2046 Monstroliensis
620 2005 792 2044 Editioni
811 2003 1033 2055 invigilavit,
1051 2015 1215 2053 suasque
1235 2001 1386 2039 notulas
1407 2000 1455 2040 ad
1474 2001 1591 2040 finem

131 2072 257 2124 operis
272 2070 425 2121 adjecit.
455 2069 545 2108 Par.
568 2070 683 2110 1570.
706 2068 790 2107 Fol.

183 2189 303 2227 MSS.
318 2187 424 2237 Αἶά]
443 2187 654 2226 Lectiones
670 2186 874 2231 variantes,
891 2198 987 2236 quas
1009 2198 1056 2223 ex
1072 2183 1197 2224 Codd.
1216 2182 1445 2235 quibusdam
1462 2183 1588 2224 MSS.

134 2252 253 2289 Aldus
270 2251 466 2288 BIanutius
486 2263 565 2287 suae
586 2247 758 2286 Editioni
778 2247 990 2285 subtexuit.

184 2378 304 2416 MSS.
323 2377 449 2427 Felic.]
468 2375 681 2415 Lectiones
702 2374 748 2412 M
756 2374 923 2422 Stoi-um,
938 2388 1034 2427 quas
1053 2375 1226 2414 similiter
1247 2387 1327 2413 sum¹
1348 2374 1461 2413 etiam
1482 2373 1588 2424 adJe-

132 2441 186 2480 cit
206 2442 424 2479 Felicianus.

184 2561 303 2600 MSS.
324 2560 493 2610 BIcmut]
523 2560 669 2598 Iterum
689 2572 760 2605 eae,
781 2572 874 2610 quas
896 2560 940 2598 P.
961 2559 1165 2596 Manutius.

185 2680 294 2718 Codd.
323 2681 440 2731 Regg.
468 2681 526 2716 vel
546 2679 686 2728 Paris]
717 2677 820 2715 Octo
853 2679 1089 2729 exemplaria
1122 2679 1159 2715 in
1190 2677 1427 2715 bibliotheca
1459 2675 1586 2726 Regia

130 2743 334 2781 Parisiensi
360 2743 573 2786 adservata,
602 2741 739 2791 quibus
767 2753 855 2777 usus
886 2747 944 2778 est
968 2741 1146 2778 Morelius
1166 2739 1214 2777 ad
1235 2738 1442 2776 editionem
1463 2737 1585 2775 Lute-

127 2805 270 2842 tianam
292 2803 566 2842 adornandam.
625 2802 769 2839 Eorum
790 2801 978 2846 notitiam,
995 2814 1108 2852 quam
1124 2801 1186 2838 ille
1206 2800 1316 2839 nobis
1332 2799 1480 2847 invidit,
1497 2812 1586 2838 mea

128 2879 245 2916 opera
265 2865 556 2917 deprehensam,
577 2862 735 2902 Lectori
756 2863 906 2902 erudito
925 2863 988 2901 hic
1008 2874 1242 2915 proponam:
1271 2860 1356 2900 scil.
