1824 3171
612 232 693 272 AD
723 231 1186 271 DEMOSTHENEM.
1525 233 1625 272 clxiii

170 337 303 393 ptinea
323 339 413 377 inde
430 336 662 389 posteriores
681 343 895 375 annotatas.
917 343 1070 376 caeterae
1098 335 1286 374 lectiones
1312 335 1365 373 illi
1391 337 1572 387 exemplo
1601 349 1626 375 a

171 402 339 442 Morello
359 399 574 450 adscriptae,
593 397 695 436 unde
715 405 853 444 essent,
874 398 1085 449 ignorasse,
1101 412 1227 449 neque
1246 397 1394 436 discere
1414 411 1581 436 curasse.

225 464 392 501 Miretur
411 460 506 512 quis,
529 460 744 498 Fabricium
772 459 810 498 in
829 460 922 498 bibl.
945 461 1014 499 Gr.
1031 461 1076 498 T.
1098 461 1131 499 I.
1151 475 1188 511 p.
1205 463 1298 499 926.
1318 458 1514 504 affirmare,
1543 459 1624 496 edi-

170 524 313 563 tionem
333 522 555 568 Parisinam‚
573 522 621 559 de
643 535 719 573 qua
738 535 842 560 nunc
862 535 986 559 sermo
1013 521 1124 560 nobis
1153 528 1224 568 est,
1252 520 1441 572 prodiisse
1469 532 1517 558 ex
1546 519 1626 557 offi-

171 585 256 622 cina
274 584 479 622 Michaelis
508 583 661 629 Sonnii;
690 597 778 622 cum
797 583 1006 636 *Dionysius
1037 591 1166 622 tamen
1194 582 1406 622 Lambinus
1437 582 1530 633 ipse,
1561 581 1627 632 qui

169 652 324 696 poterat
342 645 397 694 rei
415 652 538 696 gestae
552 646 660 684 testis
677 658 761 684 esse
782 645 1028 693 certissimus,
1050 659 1133 684 eam
1151 645 1355 683 Benenato
1376 643 1531 688 tribuat,
1548 656 1626 693 quo

167 707 315 744 factum
334 714 376 744 ut
396 720 418 745 a
439 707 605 759 Tayloro
625 707 780 759 aliisque
803 708 990 746 Benenati
1018 707 1136 746 editio
1165 706 1393 759 appelletur.
1449 705 1627 743 Eximam

168 767 270 805 hunc
289 769 526 818 scrupulum.
585 769 683 807 Sunt
702 782 823 820 penes
849 782 912 807 me
937 769 1014 807 duo
1041 768 1276 820 exemplaria
1302 767 1485 806 Parisinae
1515 766 1629 815 hujus

170 828 360 874 editionis,
381 829 480 867 inter
497 842 538 867 se
559 831 674 868 rebus
694 830 881 876 omnibus,
902 837 1040 881 praeter
1067 831 1231 876 titulum,
1253 828 1454 868 simillima.
1474 827 1514 865 in
1534 827 1629 865 alte-

169 889 248 927 rius
277 889 386 927 titulo
407 891 640 941 conspicitur
658 890 811 941 signum
831 892 989 930 Adriani
1006 892 1190 939 Turnebi,
1219 892 1374 942 thyrsus
1400 902 1527 940 angue
1558 888 1628 925 im-

170 952 348 1003 pliCatuS‚
362 965 448 990 cum
469 952 746 1004 subscriptione
764 953 919 1001 βασιλεῖ
937 955 965 992 τ’
984 953 1122 1006 α’γαθῷ
1143 956 1300 1004 κρατερῷ
1321 955 1349 990 τ’
1371 954 1536 1005 αἰχμητῇ
1550 949 1630 987 Lu·

169 1015 277 1052 tetiae
298 1015 357 1052 M.
376 1015 426 1052 D.
444 1014 572 1052 LXX.
592 1015 696 1065 apud
717 1016 900 1053 Ioannem
920 1016 1180 1053 Benenatum.
1211 1014 1368 1052 alterius
1399 1010 1629 1061 exemplaris

169 1076 282 1114 titulo
315 1077 550 1127 suppositum
579 1084 637 1113 est
667 1082 816 1113 scutum
839 1075 1067 1126 quadratum
1098 1087 1185 1112 cum
1210 1074 1388 1113 basilisco
1417 1087 1438 1111 e
1467 1072 1630 1111 flammis

171 1145 402 1187 exsurgente
418 1151 548 1175 versus
565 1138 726 1188 digitum
744 1137 891 1174 dextrae
912 1150 933 1174 e
954 1137 1121 1174 nubibus
1143 1143 1324 1181 exsertae‚
1343 1148 1431 1173 cum
1452 1134 1629 1186 symbolo

172 1198 459 1249 circumscripto
474 1200 505 1236 si
518 1200 601 1235 deus
610 1213 680 1248 pro
699 1200 798 1236 nobis
816 1199 896 1248 quis
915 1204 1041 1236 contra
1058 1212 1131 1235 nos.
1193 1197 1418 1248 Subscripta
1436 1204 1524 1234 sunt
1544 1197 1630 1234 haec

172 1261 291 1297 verba
311 1260 437 1298 Latet.
456 1260 673 1298 MDLXX.
706 1261 802 1309 apud
833 1260 1050 1297 Illiclzrtelem
1080 1260 1252 1297 Sonnium
1282 1260 1345 1296 sal)
1374 1265 1474 1296 scuto
1498 1259 1633 1296 Basili-

169 1322 256 1366 ensz',
279 1322 339 1358 wia
359 1322 535 1359 Iacobaea.
592 1321 690 1360 Fieri
710 1328 835 1372 potest
855 1329 898 1360 ut
919 1321 1091 1360 Michael
1119 1322 1184 1360 ille
1208 1321 1372 1359 Sonnius
1392 1328 1543 1372 partem
1564 1319 1632 1358 im-

169 1382 397 1433 pendiorum
430 1383 481 1420 ad
517 1383 627 1421 istam
662 1383 867 1422 editionem
905 1383 1184 1435 perficiendam
1218 1383 1266 1421 de
1300 1396 1368 1420 suo
1403 1382 1628 1428 contulerit,

169 1455 294 1494 eoque
315 1447 378 1492 jus
399 1444 662 1496 impetraverit
677 1458 820 1483 nomen
844 1459 954 1483 suum
981 1445 1019 1482 in
1038 1445 1166 1483 fronte
1193 1444 1320 1496 operis
1348 1443 1631 1495 proscribendi.

172 1506 418 1544 Conveniunt
442 1508 529 1546 haec
561 1508 637 1546 duo
668 1508 903 1559 exemplaria
929 1508 1029 1546 inter
1059 1521 1101 1545 se
1127 1520 1242 1559 quam
1268 1507 1559 1558 perfectissime,
1588 1513 1632 1545 ut

170 1580 282 1605 ovum
304 1582 376 1606 ovo
396 1582 473 1606 non
492 1569 612 1620 possit
629 1582 714 1607 esse
741 1569 909 1608 similius.
968 1569 1183 1607 Observavi
1204 1576 1335 1606 tamen
1362 1568 1554 1606 interdum
1574 1568 1632 1605 in-

171 1635 231 1666 ter
251 1630 362 1667 ambo
384 1630 677 1681 discrepantiam
704 1631 896 1681 quandam
925 1630 1116 1676 lectionis,
1137 1644 1224 1681 quae
1252 1644 1330 1668 non
1360 1637 1491 1681 potest
1521 1629 1632 1667 aliter

170 1698 262 1728 nata
291 1704 389 1736 esse,
421 1705 536 1742 quam
564 1692 595 1729 si
625 1699 818 1730 corrector
839 1692 977 1743 operis,
999 1691 1170 1744 quisquis
1187 1691 1274 1737 fuit,
1299 1699 1475 1730 currente
1505 1692 1634 1729 adhuc

170 1752 292 1803 prelo,
323 1759 501 1790 cerneret
529 1753 683 1804 aliquod
708 1753 854 1800 vitium,
882 1753 998 1804 idque
1024 1754 1192 1800 tolleret,
1212 1760 1324 1804 parte
1356 1753 1634 1804 exemplarium

165 1818 247 1864 jam
268 1828 427 1862 excusa,
446 1816 616 1853 nondum
637 1816 830 1855 omnibus.
887 1816 1083 1868 Exempla
1110 1816 1282 1853 mirificae
1311 1816 1425 1866 hujus
1456 1816 1511 1853 rei
1541 1823 1633 1854 sunt

171 1889 210 1927 p.
227 1879 314 1915 151.
330 1879 394 1916 34.
414 1877 479 1915 ubi
497 1877 535 1914 in
557 1877 735 1928 exemplo
757 1877 944 1915 Benenati
964 1885 1023 1916 est
1043 1878 1190 1929 δωρίας,
1206 1877 1244 1915 in
1262 1877 1459 1916 Sonniano
1480 1877 1633 1929 δωρεάς.

170 1951 210 1989 p.
231 1941 319 1977 119.
339 1941 404 1977 21.
424 1939 463 1976 in
483 1952 559 1977 uno
581 1946 639 1977 est
658 1941 901 1986 ἑξαπαθῆσαι,
932 1939 970 1977 in
1002 1940 1123 1978 altero
1153 1941 1395 1988 ἐξαπατῆσαι.
1415 1939 1458 1977 it.
1480 1953 1517 1990 p.
1533 1942 1572 1987 4,
1592 1942 1632 1978 8.

174 2002 265 2046 150,
285 2003 349 2039 34.
373 2004 460 2048 163,
478 2004 542 2040 30.
568 2002 653 2047 176,
676 2004 849 2048 31.189,
867 2004 931 2040 20.
947 2004 1039 2048 286,
1060 2005 1122 2041 15.

736 2146 905 2188 SECT,
938 2147 1079 2189 VIII.

464 2251 527 2288 De
554 2252 707 2290 editione
730 2252 852 2302 lVolfii
877 2253 1031 2291 secunda
1058 2253 1310 2303 groecolatina.

227 2361 387 2400 EODEM
404 2359 485 2399 fere
507 2367 692 2412 tempore,
708 2375 784 2413 quo
802 2361 976 2401 Parisina
990 2363 1169 2414 prodibat
1189 2363 1322 2412 editio,
1339 2377 1515 2404 carceres
1534 2378 1635 2404 mor-

172 2427 292 2465 debat
313 2424 573 2475 Herwagiana
600 2424 725 2470 tertia,
744 2438 832 2476 quae
848 2425 961 2464 Anno
993 2429 1110 2468 1572.
1140 2426 1304 2465 Basileae
1323 2427 1467 2478 prodiit
1486 2428 1560 2466 hoc
1585 2428 1633 2466 ti-

174 2488 280 2526 tulo:
312 2486 585 2524 Demosthenis
605 2493 644 2523 et
664 2486 860 2525 AEschinis
879 2487 1094 2539 principum
1114 2488 1265 2539 graeciae
1286 2495 1479 2527 oratorum
1501 2503 1631 2540 opera,

116 2594 125 2598 -
175 2563 263 2589 cum
281 2549 478 2599 utriusque
498 2548 666 2586 auctoris
687 2548 764 2586 vita
783 2556 822 2587 et
839 2549 995 2600 Ulpiani
1017 2550 1299 2588 commentariis
1318 2550 1502 2602 novisque
1522 2552 1633 2589 scho-

172 2612 230 2649 liis
248 2625 294 2650 ex
309 2618 444 2662 quarta
466 2623 587 2660 eaque
612 2617 809 2661 postrema
837 2612 1118 2662 recognitione,
1149 2613 1413 2664 graecolatina‚
1435 2614 1505 2651 sed
1527 2614 1633 2651 codi-

175 2688 263 2714 cum
286 2675 560 2725 impressorum
580 2680 618 2711 et
638 2673 735 2711 inter
751 2674 823 2712 hos
842 2674 1069 2712 Parisiensis
1099 2688 1220 2726 nuper
1240 2675 1345 2722 editi,
1368 2675 1532 2713 duorum
1552 2689 1634 2714 ma-

174 2736 471 2787 nuscriptorum,
490 2735 645 2773 alterius
667 2735 867 2781 Pannonii,
889 2736 1044 2774 alterius
1073 2750 1122 2775 ex
1143 2737 1375 2788 Augustana
1399 2737 1634 2775 bibliotheca

175 2799 395 2836 fidelissima
414 2798 618 2835 collatione
639 2811 662 2836 a
677 2799 824 2837 mendis
840 2805 1057 2849 repurgata,
1071 2798 1184 2837 variis
1202 2799 1433 2837 lectionibus
1453 2799 1631 2845 adaucta,

181 2859 491 2897 annotationibus
517 2859 706 2897 illustrata
733 2873 802 2911 per
829 2860 1116 2911 Hieronymum
1143 2860 1327 2899 Wolfium
1348 2861 1630 2910 OEtingensem,

177 2920 372 2974 utriusque
390 2921 532 2971 linguae
552 2920 591 2957 in
621 2921 849 2972 Augustana
880 2921 1014 2959 schola
1046 2921 1305 2973 professorem
1333 2929 1411 2961 etc.
1468 2921 1632 2958 Basileae

179 2995 230 3020 ex
260 2981 409 3020 officina
448 2982 709 3034 Herwagiana
736 2996 805 3035 per
842 2982 1056 3023 Eusebium
1086 2983 1346 3037 Episcopium.
1368 2981 1634 3022 MDLXXII.
