1824 3171
558 182 637 221 AD
668 181 1130 221 DEMOSTHENEM.
1478 184 1601 224 cxxxi-

137 304 213 339 res,
234 296 276 331 ut
296 289 550 330 Demostheni
581 291 746 338 videtur,
778 292 878 330 inter
906 292 1075 332 oratoria
1107 291 1234 331 officia
1266 293 1327 330 vel
1360 293 1496 343 prima,
1528 295 1590 332 vel

137 355 232 392 sola.
299 353 435 391 Aurel.
466 353 676 404 Augustin.
709 353 875 406 Princip.
908 354 1050 393 rhetor.
1084 354 1207 392 oratio
1234 354 1512 392 Demosthenis
1539 356 1590 393 ad

138 414 349 453 Periclearn
381 414 587 453 accedens.
644 417 825 467 ὁμολογεῖ
860 418 995 462 ζηλοῦν
1032 416 1095 453 τὸν
1133 418 1345 467 περιφανῶς
1382 415 1590 453 δεινότατον

137 478 320 526 γεγονότα
340 479 469 525 λέγειν
487 477 685 529 Περικλέα.
716 478 908 528 Hermog.
936 494 976 516 π.
997 477 1085 515 δειν.
1105 479 1269 524 ζηλωτὴς
1295 480 1362 523 τῆς
1390 480 1453 514 τοῦ
1480 476 1591 525 Περι-

135 541 266 580 κλέους
285 539 490 582 πολιτείας.
548 540 649 578 Plut.
671 540 721 578 de
742 540 910 578 Educat.
939 539 1127 591 Περικλῆς
1147 538 1280 592 ηὔχετο
1299 538 1372 589 πρὸ
1392 542 1455 576 τοῦ
1477 537 1590 587 δημη-

134 600 573 651 γορεῖν-ἐσκεμμένος.
631 602 737 641 Plut.
770 609 953 653 praecept.
983 601 1092 653 polit.
1150 600 1245 639 Post
1276 600 1376 646 haec,
1410 607 1454 637 ut
1486 599 1589 636 forte

131 667 256 712 recte,
272 662 381 698 addit
399 662 631 701 Plutarchus
651 664 952 702 exercitationes
967 662 1174 715 improbas,
1191 663 1486 701 subterraneum
1503 673 1593 698 con-

132 723 255 770 clave,
274 737 400 762 rasum
419 725 515 762 semi
535 731 663 776 caput,
684 732 761 764 etc.

184 784 343 835 Olymp.
367 784 476 823 CVI.
503 789 543 823 4.
571 793 634 823 aet.
656 786 773 822 Dem.
800 787 865 824 29.
895 801 926 822 c.
957 786 1209 822 Timocratem.
1236 785 1405 835 Dionys.
1427 784 1477 822 ad
1495 784 1591 821 Am-

129 857 280 883 maeum.
310 846 507 884 Plutarch.
537 846 677 884 eodem
704 858 818 891 anno,
848 858 925 896 quo
946 845 1201 891 Androfiana,
1230 858 1286 883 sc.
1317 845 1470 883 biennio
1490 851 1592 883 ante.

130 919 219 945 cum
239 919 315 957 quo
337 907 553 946 consentire
569 907 720 946 videtur
739 906 903 946 Gellius.
934 907 995 944 De
1012 921 1089 956 rep.
1108 907 1319 944 ordinanda.
1340 920 1481 958 nempe
1502 913 1592 958 post

131 968 342 1007 orationem
358 969 408 1007 de
430 969 628 1016 classibus,
649 983 765 1022 quam
796 969 958 1021 primam
986 968 1134 1014 habuit,
1155 975 1197 1007 et
1223 975 1312 1007 ante
1342 969 1591 1021 Philippicas.

129 1028 359 1068 Φιλιππικῶν
374 1034 671 1083 προγενέστερος.
701 1031 858 1082 Ulpian.
879 1031 929 1069 ad
950 1037 1045 1068 orat.
1065 1030 1148 1069 init.

183 1092 342 1145 Olymp.
364 1093 493 1131 CVII.
518 1097 552 1132 1.
573 1100 637 1131 aet.
658 1094 778 1131 Dem.
798 1097 861 1132 30.
895 1094 1044 1131 Praetor
1064 1093 1349 1130 Aristodemus.
1380 1092 1590 1141 Philippica

125 1155 261 1203 prima.
306 1154 369 1192 Ita
399 1154 626 1206 Dionysius,
661 1154 863 1205 Ulpianus,
900 1154 1050 1199 Suidas,
1075 1160 1114 1191 et
1143 1154 1339 1204 Harpocr.
1368 1153 1470 1191 hanc
1503 1159 1593 1204 post

130 1215 385 1266 Olynthiacas
413 1215 621 1262 collocant,
643 1223 683 1254 et
711 1222 889 1266 quartam
919 1215 1176 1266 Philippicam
1195 1221 1414 1252 numerant.
1438 1214 1481 1252 C.
1501 1215 1590 1252 Ari-

128 1282 336 1324 stoc-ratem,
353 1278 583 1317 Plutarchus
604 1277 858 1330 quadriennio
878 1284 966 1315 ante
985 1277 1158 1316 habitam
1179 1290 1263 1316 esse
1280 1276 1495 1315 contendit.

211 1339 338 1378 CVII.
358 1343 398 1378 2.
428 1341 469 1377 de
491 1340 714 1379 Rhodiorum
734 1341 915 1378 libertate.

209 1400 339 1439 CVII.
360 1404 397 1439 2.
427 1401 578 1442 Praetor
599 1401 873 1455 Callimachus.
901 1408 966 1440 aet.
986 1401 1105 1441 Dem.
1136 1404 1200 1440 33.
1223 1399 1462 1453 Olynthiaca
1480 1398 1513 1437 I.
1534 1398 1589 1437 11.

290 1469 330 1500 et
345 1463 422 1501 111.

236 1523 453 1575 Philippica
497 1525 554 1563 11.
587 1538 630 1562 z
656 1525 818 1578 Olynth.
841 1525 895 1564 II.

236 1585 453 1637 Philippica
476 1587 551 1625 III.
586 1600 629 1624 z
656 1587 820 1639 Olynth.
840 1586 920 1625 111.

182 1655 184 1657 ’
238 1646 458 1699 Philippica
478 1649 546 1687 IV.
579 1661 622 1686 Ξ
648 1649 814 1702 Olynth.
836 1648 867 1686 Ι.

181 1707 347 1760 Dionys.
368 1710 419 1748 ad
440 1711 672 1749 Ammaeum.
697 1710 883 1749 Libanius
903 1709 942 1747 in
962 1721 1111 1760 argum.
1132 1707 1290 1747 Aristid.
1312 1721 1369 1747 or.
1391 1711 1427 1747 1.
1449 1708 1499 1747 de
1522 1708 1593 1747 So-

128 1769 280 1809 cietate.
312 1771 545 1811 Plutarchus
570 1773 610 1811 in
630 1773 679 1811 X.
700 1773 821 1811 Rhet.
838 1786 942 1811 anno
962 1772 1079 1810 Dem.
1109 1772 1174 1814 37.
1193 1771 1346 1810 habitas
1366 1771 1463 1810 vult.
1506 1771 1592 1810 Nos

127 1831 358 1884 Dionysium
377 1834 585 1885 sequimur.
634 1835 735 1874 Nam
751 1835 952 1887 Philippus
971 1834 1179 1886 Olynthios
1200 1833 1360 1886 Olymp.
1381 1831 1534 1872 CVIII.
1550 1837 1567 1872 1
1579 1862 1590 1872 .

127 1894 278 1932 evertit.
308 1895 469 1934 Photius
497 1896 537 1933 in
558 1897 659 1936 Bibl.
688 1911 726 1949 p.
747 1900 838 1937 802.
866 1910 968 1936 anno
988 1897 1107 1936 Dem.
1129 1900 1192 1935 38.
1212 1897 1364 1935 habitas
1385 1909 1471 1935 esse
1492 1898 1590 1937 vult.

129 1955 325 1995 schottus.
369 1957 486 1995 Error
516 1958 645 1997 Photii
677 1966 716 1996 et
736 1958 948 2004 Plutarchi,
980 1958 1087 2009 quod.
1117 1965 1223 1998 aetat.
1255 1959 1373 1997 Dem.
1403 1971 1480 1997 una
1509 1966 1594 1998 tota

127 2017 360 2069 Olympiade
389 2026 479 2056 ante
513 2017 606 2057 alias
634 2027 786 2067 notant,
818 2019 900 2058 scil.
926 2027 1060 2058 natum
1090 2033 1177 2058 eum
1200 2020 1320 2059 fuisse
1349 2022 1592 2061 contendunt

128 2078 287 2130 Olymp.
322 2079 512 2118 XCVIII.
541 2083 580 2119 4.
638 2081 875 2133 Refragatur
907 2081 966 2119 his
998 2081 1250 2121 concionibus
1276 2083 1490 2129 Demades,
1524 2084 1591 2135 qui

127 2140 334 2192 Olynthios
352 2154 430 2179 non
450 2143 739 2193 essejuvandos
758 2143 1000 2194 pronunciat.
1033 2143 1184 2181 Suidas.
1243 2144 1325 2182 Res
1342 2143 1590 2196 Olynthiacae

126 2202 243 2241 circa.
259 2202 336 2241 hoc
363 2210 528 2254 tempus.
585 2204 690 2242 Sicut
711 2205 933 2255 Olympiadis
954 2205 1150 2242 centesimae
1168 2205 1326 2254 septimae
1344 2218 1438 2243 anno
1458 2212 1592 2256 quarto

128 2264 256 2317 (Codi.
278 2267 388 2303 tertio
407 2266 523 2315 male)
544 2280 660 2317 quum
680 2279 749 2304 rex
769 2267 969 2318 Philippus
991 2266 1182 2305 Graeciam
1202 2274 1382 2319 quateret
1403 2267 1503 2305 Plin.
1526 2271 1591 2307 11.

127 2329 195 2369 27.
231 2327 486 2366 Philochorus
502 2327 529 2366 l.
544 2332 582 2367 6.
605 2328 828 2367 Atticorum
844 2329 1008 2381 Dionys.
1029 2328 1080 2366 ad
1100 2328 1328 2369 Ammaeum.
1353 2329 1593 2381 Cephisodo-

126 2396 190 2428 tus
210 2389 476 2434 σπουδάζοντος
494 2390 667 2441 Χάρητος
686 2390 847 2434 εὐθύνας
866 2390 996 2429 δοῦναι
1011 2397 1083 2429 τῶν
1102 2392 1182 2443 περὶ
1202 2392 1266 2430 τὸν
1282 2390 1510 2430 ὀλυνὲιακὸν
1523 2394 1591 2430 πό-

127 2456 245 2504 λεμον
264 2453 468 2501 ἠγανάκτει
483 2453 634 2506 φάσκων
650 2457 702 2498 εἶς
718 2458 871 2505 πνῖγμα
891 2454 956 2492 τὸν
975 2453 1090 2505 δῆμον
1106 2455 1321 2502 ἀγαγόντα,
1342 2456 1410 2497 τὰς
1431 2456 1589 2496 εὐθύνας

126 2513 331 2564 πειρᾶσθαι
347 2514 486 2554 διδόναι
506 2517 633 2559 οὕτως.
656 2515 857 2554 Aristotel.
880 2514 1045 2553 Rhetor.
1060 2514 1136 2553 III.
1158 2521 1197 2552 et
1216 2528 1267 2553 ex
1288 2528 1336 2553 eo
1356 2515 1524 2567 Dionys.
1545 2515 1595 2553 ad

130 2577 364 2616 Ammaeum.
423 2577 486 2615 Ex
517 2577 748 2616 Philochoro
768 2581 807 2618 6.
828 2576 980 2616 atticor.
1005 2579 1120 2626 juxta
1138 2576 1306 2629 Dionys.
1324 2577 1456 2616 Halic.
1502 2578 1594 2616 Cal-

128 2638 312 2677 limachus
339 2638 598 2690 Περγασῆθεν
620 2638 826 2692 [archon.]
859 2638 1122 2678 Athenienses
1142 2639 1374 2677 auxiliantur
1395 2638 1592 2690 Olynthiis

130 2713 154 2739 a
172 2699 353 2752 Philippo
372 2701 550 2746 obsessis,
572 2715 626 2740 sc.
646 2706 751 2741 πελτ.
778 2705 912 2748 2000.
933 2714 1019 2738 nav.
1041 2704 1106 2740 30.
1127 2714 1217 2739 cum
1238 2701 1422 2747 Charete,
1453 2703 1499 2744 ἃς
1530 2702 1591 2738 καὶ

133 2766 434 2814 συνεπλήρωσαν.
458 2763 599 2802 deinde
619 2764 780 2803 societas
797 2776 886 2802 cum
906 2763 1099 2815 Olynthiis
1114 2763 1227 2803 tertio
1242 2763 1350 2801 inita.

185 2823 473 2863 Demosthenes
494 2826 711 2878 Choragus.
733 2826 776 2867 C.
790 2826 961 2863 Midiam.
980 2832 1069 2876 post
1086 2825 1171 2864 haec
1184 2838 1344 2864 uxorem
1365 2823 1485 2861 duxit.
1501 2835 1591 2860 nam

133 2884 326 2935 probabile
348 2892 406 2923 est
425 2899 527 2934 eum,
546 2900 633 2927 cum
655 2886 867 2926 Midianam
890 2886 984 2938 egit,
1005 2900 1170 2925 uxorem
1189 2900 1265 2927 non
1281 2885 1475 2925 habuisse.
1496 2884 1593 2921 libe-

134 2959 198 2985 ros
216 2959 291 2984 non
310 2946 443 2988 habuit
462 2956 582 2989 certe.
641 2949 815 2989 Ambivit
837 2948 1014 2989 Chabriae
1034 2949 1202 2998 viduam,
1224 2947 1398 3000 Ctesippi
1418 2951 1592 2985 matrem.
