1824 3171
130 98 182 136 liv
543 94 876 134 HIERONYMI
908 94 1111 133 WOLFII

131 198 401 250 ignorationes,
422 211 510 237 cum
529 211 674 245 eorum,
703 212 791 249 quae
819 199 980 237 fortasse
1000 211 1076 236 non
1103 196 1201 234 male
1222 193 1395 239 diximus,
1424 205 1470 230 ac
1490 192 1574 230 dili-

129 267 267 310 genter
294 260 580 311 explicavimus,
611 259 854 297 multitudine
884 271 1116 310 comparare.
1176 258 1306 307 Atque
1335 256 1419 293 haec
1447 253 1494 291 ad
1518 253 1575 291 le-

129 329 254 360 ctores
275 321 352 359 sive
373 335 554 366 morosos,
575 321 653 358 sive
682 320 840 365 invidos,
860 321 938 358 sive
958 320 1071 358 etiam
1100 318 1306 369 imperitos,
1326 316 1386 354 vel
1414 327 1573 352 monen-

131 383 214 427 dos,
235 382 294 420 vel
313 382 534 433 placandos,
563 382 593 419 si
622 382 713 431 quid
739 381 836 431 aequi
865 395 888 418 a
919 395 960 419 se
988 379 1179 431 impetrari
1208 379 1344 423 sinent,
1378 376 1570 428 pertinere

129 443 228 481 volo.
285 443 385 480 Nam
406 443 511 493 quod
531 443 580 480 ad
600 450 705 479 tuum
727 441 775 479 de
794 455 854 479 me
870 442 1054 492 judicium
1085 440 1232 485 attinet,
1252 439 1306 476 vir
1325 437 1569 488 amplissime,

132 505 259 541 animo
288 518 370 540 sum
400 512 438 541 et
458 517 594 541 securo
623 511 661 540 et
680 516 832 553 magno.
887 503 963 546 Qui
981 516 1065 540 cum
1085 501 1229 553 pridem
1249 507 1422 538 conatum
1444 510 1570 535 meum

129 565 219 603 boni
249 564 482 602 consulueris
510 564 631 601 minus
659 564 884 610 absolutum,
912 564 1026 614 idque
1052 563 1219 601 moribus
1247 569 1286 599 et
1317 560 1447 598 studiis
1475 558 1571 596 meis

129 626 298 663 nondum
319 626 371 662 ita
390 625 601 675 perspectis
617 639 626 663 t
656 625 770 675 plane
790 625 1018 675 desiperem,
1035 625 1064 662 si
1084 631 1171 675 post
1190 630 1334 661 tantum
1353 635 1375 659 a
1394 634 1454 658 me
1471 632 1572 656 nunc

129 686 338 724 adhibitum
357 686 534 730 studium,
551 692 589 723 et
608 693 685 722 tam
704 686 939 723 luculentam
960 685 1172 723 orationum
1193 691 1309 734 atque
1327 681 1573 733 epistolarum

131 747 316 784 AEschinis
345 746 615 791 accessionem,
632 760 716 796 quae
736 747 891 796 quidem
907 746 1160 784 Demostheni
1176 757 1353 794 magnam
1372 743 1509 786 lucem,
1531 747 1573 778 et

129 807 328 844 utilitatem
348 807 554 844 lectoribus
581 807 684 844 haud
705 807 885 857 exiguam
906 819 993 844 cum
1012 807 1093 856 pari
1113 806 1307 856 voluptate
1325 807 1571 852 conjunctam

130 868 290 906 afferent
307 871 370 918 (ne
386 868 664 914 annotationes,
696 869 844 918 aliaque
864 868 1062 918 complura
1089 868 1410 911 commemorem),
1431 864 1480 901 de
1505 872 1573 900 tua

130 942 224 979 erga
250 942 312 966 me
342 936 381 966 et
408 929 691 966 lucubrationes
719 941 823 966 meas
849 928 1045 965 voluntate
1073 927 1299 965 dubitarem.
1354 924 1573 962 Praesertim

130 1003 216 1028 cum
237 1003 313 1027 non
338 990 444 1041 parvi
473 989 890 1040 temporis'domestica
917 987 1203 1033 consuetudine,
1238 1000 1326 1025 cum
1354 985 1504 1024 caeteris
1530 985 1572 1022 in

128 1052 243 1088 rebus
264 1050 516 1088 excellentem
535 1051 726 1096 virtutem,
747 1063 793 1088 ac
819 1049 959 1099 ingenii
987 1048 1262 1100 praestanfflam,
1289 1055 1369 1085 tum
1396 1046 1572 1084 humani-

128 1118 245 1149 tatem
266 1119 368 1149 tuam
387 1111 426 1148 in
445 1118 551 1148 tanto
569 1111 733 1148 fortunae
758 1111 912 1160 fastigio
940 1109 1210 1155 admirandam,
1230 1121 1369 1158 magna
1396 1121 1483 1146 cum
1503 1120 1572 1145 vo·

128 1172 274 1223 luptate
301 1180 340 1209 et
367 1172 498 1209 fructu
525 1185 611 1210 meo
640 1186 717 1209 non
745 1172 966 1223 poenitendo
993 1170 1199 1220 cognorim.
1255 1170 1394 1220 Itaque
1423 1169 1571 1206 Demo-

131 1234 286 1271 sthenes
302 1247 420 1284 opera
439 1246 525 1271 mea
538 1247 638 1271 nunc
651 1233 805 1271 tandem
821 1233 1008 1278 AEschini,
1026 1232 1168 1270 abolito
1183 1231 1248 1269 illo
1263 1230 1382 1268 veteri
1398 1230 1497 1275 odio,
1510 1242 1573 1267 re-

131 1295 352 1332 conciliatus
380 1302 494 1345 atque
523 1298 759 1343 conjunctus,
781 1294 907 1332 denuo
927 1307 967 1331 se
987 1301 1054 1331 tuo
1074 1293 1286 1344 patrocinio
1305 1290 1571 1329 commendat:

130 1355 169 1392 in
183 1368 250 1406 spe
271 1355 414 1406 optima
434 1356 538 1401 situs,
560 1363 598 1393 te
615 1356 729 1392 talem
746 1355 924 1393 clientem
940 1367 1013 1392 nec
1025 1361 1323 1404 aspernaturum,
1337 1365 1463 1403 neque
1479 1365 1574 1402 neg-

130 1417 332 1460 lecturum,
364 1417 433 1455 sed
452 1430 499 1454 eo
529 1417 746 1454 habiturum
773 1429 856 1454 esse
885 1417 986 1461 loco,
1016 1429 1092 1469 quo
1123 1429 1164 1454 se
1194 1415 1350 1465 dignum
1375 1414 1574 1462 judicaris.

132 1477 298 1514 Tantum
330 1486 459 1515 autem
491 1485 559 1516 tuo
588 1478 775 1515 acerrimo
793 1475 940 1526 judicio
959 1477 1100 1522 tribuit,
1120 1484 1163 1514 ut
1180 1477 1211 1514 si
1231 1476 1468 1515 excellentiae
1493 1476 1572 1512 tuae

130 1539 311 1589 probatus
329 1538 457 1583 fuerit,
486 1546 712 1577 caeterorum
746 1539 913 1576 omnium
946 1538 1251 1576 malevolentiam
1271 1544 1309 1575 et
1327 1536 1574 1575 obtrectatio-

129 1612 198 1636 nes
218 1599 342 1636 animo
361 1599 577 1650 aequissimo
602 1608 641 1637 et
667 1600 833 1637 maximo
858 1606 1104 1637 contemnere
1124 1599 1349 1637 decreverit.
1407 1598 1522 1640 Quod
1539 1597 1572 1635 si

128 1659 222 1697 illud
241 1667 381 1710 praeter
408 1673 514 1710 spem
546 1661 727 1706 evenerit,
749 1668 791 1698 ut
810 1668 848 1698 et
866 1661 992 1698 invida
1020 1661 1322 1699 obtrectatorum
1356 1672 1423 1697 ora
1451 1659 1574 1697 conti-

132 1728 300 1765 cescant,
323 1727 361 1757 et
381 1721 496 1771 aliqui
514 1722 720 1759 candorem
741 1722 827 1759 viris
857 1722 965 1759 bonis
998 1730 1037 1759 et
1066 1722 1188 1760 doctis
1218 1722 1373 1772 dignum
1401 1721 1440 1758 in
1467 1721 1574 1771 judi·

132 1782 257 1819 cando
290 1781 509 1828 adhibeant,
542 1795 589 1820 ea
614 1783 779 1821 felicitas
804 1797 881 1821 non
901 1791 978 1821 tam
998 1783 1191 1822 industriae
1218 1797 1327 1829 meae,
1347 1796 1461 1834 quam
1480 1783 1576 1821 libe-

131 1843 267 1881 ralitati
286 1850 362 1880 tuae
383 1844 454 1881 erit
473 1843 747 1882 adscribenda:
776 1859 850 1895 qua
868 1845 1012 1882 factum
1032 1853 1103 1891 est,
1119 1852 1173 1890 ut,
1190 1846 1273 1896 plus
1293 1844 1487 1895 tranquilli
1505 1844 1573 1881 otii

132 1911 280 1949 nactus,
302 1905 519 1955 expendere
549 1906 675 1943 omnia
695 1906 912 1956 diligentius
945 1914 984 1943 et
1013 1906 1205 1957 pei-polire
1236 1919 1400 1956 possem.
1456 1905 1574 1947 Quod

130 1965 185 2003 ita
210 1966 294 2004 fore
325 1973 367 2003 ut
395 1966 548 2004 credam
577 1966 898 2005 fortunatissimus
934 1974 1021 2004 tuus
1054 1967 1186 2017 genius
1219 1966 1343 2012 efficit,
1375 1973 1414 2004 et
1430 1966 1574 2004 virtute

132 2033 245 2076 atque
274 2027 425 2077 ingenio
452 2027 520 2064 tibi
549 2035 659 2077 parta
686 2028 894 2065 autoritas:
925 2041 1084 2078 quarum
1110 2041 1235 2065 rerum
1264 2027 1294 2066 si
1313 2041 1363 2066 ex
1382 2028 1574 2066 uberrimo

131 2094 197 2124 tuo
217 2087 322 2125 fonte
342 2088 401 2125 vel
420 2095 575 2126 tenuem
595 2089 784 2126 alveolum
811 2089 849 2125 in
879 2096 1030 2127 nostros
1059 2089 1204 2140 agellos
1235 2089 1428 2134 derivaris,
1462 2088 1574 2128 laetos

132 2148 281 2186 honesti
311 2149 471 2187 nominis
498 2149 644 2186 fructus
686 2150 891 2201 aliquando
918 2151 1184 2200 percipiemus.
1256 2151 1444 2200 Augustae
1477 2149 1572 2187 Vin-

135 2209 356 2257 delicorum,
386 2222 436 2248 ex
463 2210 698 2248 bibliotheca
715 2218 794 2248 tua.
848 2210 978 2248 Idibus
997 2211 1172 2261 Augusti,
1192 2210 1306 2248 natali
1324 2224 1431 2249 meo:
1453 2211 1572 2248 Anno

138 2274 254 2310 1553.

416 2421 918 2471 HIERONYMUS
955 2422 1287 2471 WOLFIUS

137 2521 293 2557 Henrico
300 2521 439 2571 fratri,
455 2523 684 2571 philosophice
703 2529 738 2560 et
752 2524 928 2560 medicinae
946 2523 1114 2569 Doctori,
1135 2523 1399 2573 Nor-ibergcnsi
1419 2523 1574 2572 Physica

783 2605 815 2630 s,
846 2606 887 2631 D.

193 2668 415 2707 Senonum<
440 2669 514 2707 hoc
537 2670 851 2708 Demosthenicae
881 2669 1149 2721 recognitionis
1177 2676 1214 2707 et
1241 2668 1502 2720 explicationis
1522 2669 1572 2706 ad

138 2737 189 2775 tc,
212 2730 339 2776 frater,
362 2744 408 2768 co
436 2731 587 2768 nomine
607 2731 769 2769 maxime
790 2745 889 2769 nune
908 2731 1134 2769 mittendum
1155 2744 1242 2768 csse
1262 2730 1372 2767 duxi:
1402 2738 1443 2767 ut
1463 2743 1512 2767 ex
1533 2737 1573 2768 te

138 2791 275 2842 potius,
305 2799 343 2829 ut
370 2792 536 2831 candido
565 2800 603 2831 et
632 2806 766 2831 severo
785 2793 932 2842 jtidice,
961 2793 1052 2843 quid
1077 2793 1113 2830 in
1143 2793 1215 2831 hoc
1244 2800 1384 2830 conatu
1410 2804 1496 2830 mco
1515 2791 1575 2830 vel
