1824 3171
171 179 266 218 clxx
615 175 829 215 REISKII
862 176 1160 215 PRAEFATIO

176 282 339 320 omniurn
357 281 625 326 mutationum,
638 292 732 331 quas
749 293 834 318 meo
854 287 975 319 marte
995 292 1155 330 meaque
1176 285 1312 331 sponte
1329 285 1367 317 et
1387 279 1633 324 auctoritate,

176 343 215 381 in
236 342 547 382 Demosthenem
567 341 718 380 immisi.
773 340 987 380 Offensionl
1007 354 1162 392 quoque
1189 349 1247 379 est
1267 341 1387 378 moles
1414 340 1498 378 libri
1517 342 1634 379 intra-

178 404 340 451 ctabilis,
371 412 411 442 et
439 417 499 449 ea,
514 416 600 454 quae
619 403 679 441 vel
699 402 947 441 fortissimum
977 413 1167 453 quemque
1196 402 1369 452 bajulum
1398 401 1547 453 fatiget,
1568 414 1637 453 per

177 480 291 517 quam
306 466 362 512 fit,
384 473 426 504 ut
450 465 575 504 lector
595 477 629 504 e.
647 478 681 503 c.
713 464 961 516 Olynthiacae
981 464 1124 514 primae,
1148 475 1242 514 opus
1261 462 1405 501 habeat
1424 476 1501 502 non
1520 462 1637 500 modo

179 528 289 566 denis
307 526 402 565 locis
423 527 629 578 requirere,
651 539 736 576 quae
764 525 814 563 ad
835 532 985 564 certum
1009 524 1139 562 locum
1159 525 1207 562 ab
1229 524 1413 575 Ulpiano,
1433 536 1456 563 a
1474 524 1637 569 Budaeo,

178 591 227 628 ab
245 589 458 642 Obsopoeo‚
480 602 503 627 a.
518 587 661 626 Wolfio
681 587 799 632 dicta,
822 594 888 625 aut
909 599 930 624 e
950 586 1184 625 variantibus
1203 586 1320 624 modo
1339 586 1505 632 Aldinis‚
1521 586 1639 623 modo

178 651 412 698 Lutetianis,
434 650 549 688 modo
570 648 804 699 Augustanis
824 654 1006 686 annotata
1025 655 1125 693 sunt,
1146 648 1217 686 sed
1236 646 1352 686 etiam
1379 647 1553 685 millenas
1572 659 1638 697 pa-

180 713 289 764 ginas
319 713 458 751 iterum
487 712 704 762 iterumque
734 710 946 748 revolvere.
1002 710 1140 748 Malim
1169 709 1251 761 ipso
1277 709 1547 747 Demosthene
1576 720 1640 746 ca-

178 788 278 821 rere,
306 777 414 823 cujus
442 773 558 812 lectio
585 780 664 812 tam
694 772 857 812 molesto
882 773 1015 811 labore
1045 771 1137 809 mihi
1163 777 1328 817 constet,
1361 771 1426 823 qui
1451 770 1559 808 labor
1589 769 1641 807 ad

177 836 363 875 insaniam
381 835 495 874 facile
515 848 632 887 quem
652 834 796 887 adigat.
855 834 936 874 Sed
953 841 1095 886 praeter
1114 835 1339 872 abnormem
1359 832 1499 871 molem
1522 831 1640 869 offen-

178 897 277 937 sioni
296 910 451 949 quoque
471 904 559 935 sunt
578 896 661 950 typi
688 897 728 934 in
748 896 916 935 editione
931 895 1147 934 Basileensi
1163 895 1288 933 Tomo
1307 894 1380 932 VI.
1408 893 1567 931 adhibiti
1587 892 1644 929 ni-

180 959 254 997 mis
272 972 387 1011 quam
407 959 526 998 exiles
546 966 586 998 et
609 958 759 1005 minuti,
789 958 937 1004 cursz'vz',
959 957 1062 1008 quod
1093 970 1216 1008 genus
1244 963 1424 1008 typorum
1444 954 1565 992 oculis
1585 954 1642 991 in·

181 1019 313 1072 primis
332 1020 529 1059 inimicum
554 1026 592 1058 et
620 1019 778 1058 insuave
808 1026 880 1066 est,
913 1025 954 1057 et
985 1017 1180 1057 fastiditur
1208 1018 1346 1069 magis,
1377 1029 1492 1068 quam
1523 1015 1643 1053 ullum

182 1082 302 1120 aliud.
357 1082 523 1134 Insignis
545 1089 604 1121 est
624 1082 802 1121 defectus
819 1081 934 1131 huJus
960 1081 1138 1119 editionis
1151 1079 1371 1125 Wolfianae,
1392 1078 1498 1129 quod
1515 1077 1645 1115 indIce

181 1144 393 1195 graecitatis
420 1145 721 1183 demosthenicae
743 1149 864 1182 caret.
922 1142 1052 1181 Credo
1081 1142 1259 1194 equidem
1275 1140 1475 1186 Wolfium,
1496 1152 1520 1177 a
1537 1139 1645 1177 labo-

182 1219 268 1243 rum
289 1206 680 1245 Demosthenicorum
699 1203 947 1243 multitudine
967 1210 1006 1242 et
1024 1203 1280 1255 perpetuitate
1299 1203 1458 1247 victum,
1478 1214 1554 1239 non
1575 1213 1645 1251 po·

183 1266 306 1305 tuisse
338 1267 498 1318 agendis
524 1266 700 1304 omnibus
728 1265 919 1311 sufficere,
953 1277 1039 1315 quae
1067 1265 1107 1301 in
1132 1263 1321 1314 ejusmodi
1350 1270 1508 1300 auctore
1536 1274 1647 1313 pera-

185 1329 314 1380 genda
333 1328 470 1367 editori
489 1328 726 1366 incumbunt.
764 1327 924 1373 Verum,
941 1325 1104 1377 primum
1124 1325 1280 1375 quidem
1299 1324 1524 1374 vigintiduo
1543 1323 1646 1370 anni,

183 1403 280 1442 quos
302 1390 343 1429 in
370 1390 640 1429 Demosthene
671 1388 857 1439 fingendo
891 1394 932 1425 et
963 1386 1193 1437 refingendo
1224 1385 1448 1432 consumsit,
1480 1392 1647 1436 ternpus,

186 1452 337 1503 opinor,
354 1459 442 1490 sunt
462 1451 555 1490 satis
574 1449 835 1496 commodum,
855 1461 933 1500 quo
954 1448 1125 1500 quamvis
1143 1460 1307 1498 magnus
1326 1447 1436 1485 labor
1454 1446 1650 1498 profligari

185 1520 355 1566 poterat.
409 1512 512 1550 Mihi
527 1512 683 1563 quidem
699 1511 730 1550 si
750 1517 808 1549 tot
827 1523 948 1549 annos
967 1509 1031 1547 uni
1052 1508 1306 1547 Demostheni
1327 1508 1557 1559 expoliendo
1577 1509 1652 1546 lar-

187 1575 269 1627 gita
287 1582 390 1614 esset
407 1574 579 1613 secunda
599 1574 765 1620 fortuna,
787 1585 874 1625 quae
894 1572 957 1610 vix
976 1570 1270 1623 quadriennium
1291 1571 1412 1617 dedit,
1428 1577 1467 1608 et
1487 1583 1536 1608 ne
1555 1570 1651 1607 illud

188 1637 348 1689 quidem
362 1636 568 1688 integrum,
587 1636 751 1689 (interea
774 1634 956 1686 temporis
972 1634 1074 1672 enim
1095 1633 1210 1672 etiam
1231 1632 1442 1671 Aristidem
1462 1632 1511 1670 ad
1530 1638 1651 1670 mstos

188 1698 411 1751 recognovi,
434 1706 474 1737 et
500 1698 671 1746 editioni,
691 1710 807 1750 quam
827 1698 909 1748 ejus
928 1709 1037 1748 paro,
1058 1695 1372 1734 accommodavi:
1401 1702 1444 1732 ut
1473 1694 1565 1732 alias
1595 1694 1653 1731 in-

187 1760 474 1813 terpellationes
492 1761 657 1812 taceam)
679 1773 702 1798 o
722 1771 839 1811 quam
869 1758 961 1796 mihi
987 1758 1122 1796 videor
1157 1771 1246 1796 eum
1274 1757 1491 1795 absolutum
1523 1762 1561 1794 et
1579 1769 1650 1793 nu-

191 1822 307 1861 meris
332 1822 509 1861 omnibus
527 1822 744 1874 perfectum
775 1820 936 1858 daturus
966 1820 1097 1858 fuisse.
1154 1820 1227 1857 Me
1258 1831 1350 1857 vero
1381 1818 1652 1869 ingravescens

191 1890 303 1934 aetas,
322 1890 363 1922 et
381 1884 656 1922 decrescentes
677 1882 717 1920 in
737 1882 820 1920 dies
838 1882 950 1928 vires,
972 1889 1012 1920 et
1031 1881 1270 1933 impatientia
1294 1881 1333 1918 in
1355 1881 1492 1919 eodem
1518 1881 1652 1919 labore

193 1945 427 1984 diutiuscule
455 1944 732 1991 commorandi,
754 1951 793 1982 et
809 1943 1040 1982 desiderium
1060 1943 1243 1981 studiosae
1259 1942 1448 1993 juventuti
1468 1949 1544 1980 tam
1565 1955 1653 1992 gra-

192 2019 282 2045 vem
311 2013 524 2054 auctorem,
554 2013 631 2045 tam
661 2005 935 2052 necessarium,
959 2007 1068 2056 cujus
1096 2005 1282 2043 editiones
1302 2011 1391 2041 sunt
1410 2016 1524 2055 quarn
1550 2003 1655 2041 raris-

194 2069 301 2107 simae
321 2076 361 2108 et
381 2069 598 2116 carissimae,
619 2082 694 2120 quo
724 2076 855 2107 tamen
887 2081 1020 2106 carere
1053 2068 1134 2106 sine
1165 2067 1306 2105 damno
1335 2066 1499 2104 maximo
1526 2073 1655 2116 potest

194 2143 311 2168 nemo
339 2131 454 2181 paulo
472 2130 688 2176 humanior,
711 2142 826 2181 quam
850 2129 1013 2181 primum
1025 2127 1108 2167 fieri
1128 2135 1272 2180 posset,
1293 2141 1412 2179 parvo
1431 2127 1655 2178 parabilem,

197 2199 238 2230 et
256 2191 370 2230 facile
392 2191 632 2242 gestabilem,
654 2198 694 2230 et
719 2190 956 2229 ornamentis
985 2203 1063 2228 non
1093 2189 1381 2228 contemnendis
1414 2189 1654 2234 instructum,

195 2264 276 2290 non
296 2252 470 2290 omnibus
490 2252 659 2302 quidem,
679 2257 738 2290 tot
756 2258 886 2289 tamen
912 2251 986 2289 illis
1007 2257 1047 2289 et
1065 2251 1192 2295 tantis,
1215 2256 1308 2301 quot
1333 2256 1373 2287 et
1392 2257 1534 2299 quanta
1553 2250 1657 2288 nulla

197 2313 274 2351 alia
291 2313 532 2364 superiorum
559 2312 770 2351 editionum
797 2311 979 2357 dedisset,
1005 2311 1043 2348 in
1073 2324 1207 2349 manus
1228 2310 1359 2357 dandi,
1383 2311 1565 2349 festinare
1593 2325 1660 2350 me

198 2381 424 2424 coegerunt,
445 2381 484 2412 et
498 2374 622 2412 minus
641 2373 857 2425 perfectum
875 2386 972 2424 opus
991 2373 1122 2418 edere,
1143 2385 1258 2423 quam
1277 2373 1437 2419 nullum,
1451 2372 1579 2420 malle,
1593 2387 1659 2412 ve-

199 2441 363 2482 rentem,
382 2449 432 2474 ne
447 2436 486 2473 in
516 2442 656 2474 conatu
676 2434 952 2486 superstitiosae
968 2434 1173 2485 diligentiae
1195 2434 1313 2473 fatum
1334 2447 1396 2473 me
1415 2434 1658 2486 opprimeret,

199 2508 429 2547 mecumque
457 2496 622 2534 lectores
637 2495 764 2533 fructu
783 2509 880 2534 meaa
901 2508 1025 2546 operae
1045 2495 1253 2534 fraudaret.
1309 2495 1466 2533 Deinde
1486 2496 1570 2546 quis
1589 2509 1658 2534 au-

201 2564 286 2595 ctor
307 2557 391 2603 tibi,
421 2557 472 2594 mi
492 2557 623 2603 wolfi,
652 2557 726 2594 fuit
743 2563 819 2594 tam
840 2557 946 2596 stulti
968 2557 1129 2602 consilii,
1159 2565 1202 2595 ut
1231 2557 1452 2608 AEthiopem
1480 2556 1626 2595 lavares
1640 2558 1658 2593 P

204 2619 411 2670 Ulpianum
441 2632 510 2656 cur
534 2618 697 2656 latinum
724 2617 880 2657 fecisti?
910 2618 1006 2661 Quis
1020 2619 1162 2667 jussit?
1191 2626 1258 2656 aut
1285 2618 1315 2656 si
1334 2618 1418 2669 quis
1442 2618 1567 2668 jussit,
1590 2632 1662 2657 cur

203 2680 508 2731 obsequebaris?
564 2680 752 2718 Debcbas
781 2680 990 2731 sapientior
1018 2693 1117 2726 esse,
1138 2693 1252 2730 quam
1286 2680 1439 2729 ineptus
1468 2679 1660 2730 librarius,

203 2740 269 2790 qui
289 2753 330 2778 se
351 2753 374 2778 a
391 2741 510 2778 stulto
528 2753 635 2778 more
661 2739 807 2785 saeculi,
829 2741 877 2778 ab
898 2740 1122 2791 importunis
1148 2747 1336 2777 emtorum
1360 2738 1664 2789 flagitationibus

204 2801 295 2840 duci
315 2808 524 2853 pateretur.
580 2801 766 2839 Debebas
784 2801 936 2839 fortiter
962 2801 1154 2839 resistere.
1175 2800 1344 2838 debebas
1364 2799 1660 2851 bibliopolarum

205 2863 374 2901 stultitiae
393 2869 434 2901 et
453 2862 732 2914 importunitati
763 2875 991 2913 responsare
1019 2863 1178 2907 duriter,
1205 2875 1281 2899 non
1307 2861 1460 2907 servire,
1480 2874 1554 2898 non
1576 2874 1660 2900 ccr-

202 2925 330 2964 vicem
349 2925 590 2965 submittere.
647 2925 809 2964 Poteras
830 2925 966 2963 melius
982 2925 1075 2976 quid
1097 2937 1225 2975 agere.
1274 2922 1484 2974 Ulpianum
1503 2922 1661 2962 latinum
