1824 3171
163 121 237 159 clvi
601 120 814 158 REISKII
845 119 1138 158 PRAEFATIO

166 223 273 272 datu,
304 223 647 274 profundamento
676 235 757 260 suae
782 222 936 271 majoris
964 226 1206 273 poneretur(
1245 218 1435 273 Loquitur
1457 223 1514 260 'de
1542 223 1624 260 edi-

164 284 285 330 tione,
310 297 425 335 quam
448 283 744 334 Herwagianam
765 283 974 320 secundam
994 283 1160 334 appello,
1183 283 1346 321 Basileae
1373 284 1419 320 A.
1446 285 1559 322 1547.
1582 283 1621 320 in

164 344 288 384 forma
305 353 456 391 octava,
474 344 594 382 tribus
604 344 855 382 voluminibus
870 344 1036 394 prodita,
1054 357 1216 395 quorum
1229 356 1305 381 non
1323 343 1392 380 nisi
1409 342 1484 380 duo
1501 343 1621 393 prima

166 419 288 456 penes
313 419 375 444 me
400 412 489 444 sunt
508 405 713 443 volumina.
732 418 768 442 v.
790 412 960 442 annotat.
988 405 1118 442 Wolfii
1136 405 1185 442 ad
1205 404 1424 455 prooemium
1444 406 1509 441 22.
1559 403 1620 441 De

170 466 354 505 Feliciani
382 466 525 505 meritis
544 465 718 503 literariis
751 465 915 503 libenter
944 465 1123 516 equidem
1143 465 1380 509 dissererem,
1401 465 1431 502 si
1461 464 1552 514 quid
1582 464 1621 502 in

168 527 393 565 adversariis
406 532 629 565 annotatum
649 525 845 564 haberem.
890 526 1030 577 Neque
1043 534 1173 564 tamen
1187 526 1275 563 ideo
1295 525 1498 562 illaudatus
1517 538 1541 562 a
1559 538 1620 563 me

170 587 345 625 discedet
359 588 414 625 vir
434 587 627 638 egregius,
646 599 758 636 quem
780 587 909 637 magni
929 587 1046 626 facio.
1075 589 1174 629 Quae
1193 586 1342 624 interim
1365 585 1426 622 ille
1445 585 1484 622 in
1503 585 1622 623 literis

171 648 348 698 gesserit,
369 648 432 699 qui
458 661 696 698 cognoscere
717 648 888 698 cupIent‚
910 661 976 686 eos
1002 649 1052 686 ad
1077 647 1262 697 ejusmodi
1282 647 1398 684 libros
1417 646 1621 696 ablegabo‚

170 709 235 759 qui
255 708 302 746 de
323 709 406 747 vitis
427 708 697 747 excellentium
719 709 904 746 Italorum
924 716 1199 761 exposuerunt.
1258 708 1408 745 Interea
1428 707 1518 744 dum
1538 707 1623 745 haec

171 770 429 818 excuduntur,
456 784 563 822 spem
584 770 673 808 mihi
695 784 764 821 per
783 771 914 809 literas
933 771 1024 810 facit
1048 771 1192 809 amicus
1213 767 1554 820 Argentoratensis
1573 767 1624 805 de

171 832 246 873 hac
266 833 434 871 editione
457 832 639 870 Feliciani
668 845 690 869 e
719 832 954 870 bibliotheca
979 845 1047 871 sua
1074 832 1124 869 ad
1152 845 1213 869 me
1242 829 1440 868 mittenda.
1497 829 1624 870 Quam

172 893 237 935 ubi
257 894 420 944 adeptus
440 906 519 939 ero,
536 892 669 935 licebit
685 893 775 930 mihi
795 893 845 930 de
863 906 910 932 ea
929 893 1125 943 aliquanto
1146 891 1364 942 diligentius
1385 901 1596 940 exponere.

776 1071 942 1114 SECT.
971 1072 1030 1111 V.

607 1178 667 1216 De
695 1178 847 1215 editione
877 1178 986 1215 Pauli
1013 1179 1191 1219 DIanztt‘ii.

229 1283 465 1320 FEmchNt
486 1280 693 1319 editionem
713 1280 889 1318 insecuta
904 1287 963 1318 est
979 1281 1096 1319 editio
1113 1280 1384 1319 Demosthenis
1405 1291 1455 1317 ex
1475 1279 1626 1317 officina

177 1345 285 1382 Pauli
307 1344 488 1389 Manutii,
509 1356 622 1394 quam
643 1345 683 1380 in
703 1342 1012 1380 annotationibus
1033 1343 1227 1394 appellare
1253 1342 1359 1380 soleo
1387 1342 1504 1378 modo
1525 1341 1626 1378 Pau-

175 1405 303 1449 linam,
322 1405 438 1443 modo
458 1404 635 1449 Paulum,
649 1403 764 1440 modo
785 1403 920 1440 litteris
941 1403 984 1443 P.
1011 1404 1120 1442 Man.
1142 1404 1315 1454 designo.
1357 1403 1510 1440 Titulus
1529 1402 1628 1440 illius

178 1466 352 1503 editionis
381 1480 458 1503 non
478 1471 536 1503 est
553 1478 651 1501 unus
676 1464 853 1501 universo
874 1464 1057 1514 praefixus
1087 1464 1205 1515 operi,
1229 1464 1299 1501 sed
1326 1463 1441 1500 trium
1466 1463 1628 1500 volumi-

176 1541 265 1565 num
288 1529 361 1577 (tot
377 1527 478 1565 enim
497 1525 692 1564 volumina
707 1531 830 1562 totum
847 1538 941 1574 opus
957 1525 1179 1573 conficiunt)
1190 1538 1281 1562 suus
1294 1524 1431 1574 cuique
1447 1524 1630 1575 praefixus

177 1596 236 1627 est
248 1589 436 1640 proprius,
449 1596 488 1626 et
509 1588 628 1638 primo
649 1586 804 1637 quidem
821 1586 884 1623 hic
904 1586 1168 1637 Δημοσθένους
1187 1589 1312 1634 λόγων
1332 1595 1459 1636 τμῆμα
1475 1593 1629 1636 πρῶτον.

178 1650 452 1688 Demosthenis
479 1648 693 1686 orationum
722 1660 811 1698 pars
830 1647 961 1697 prima,
992 1647 1126 1698 inqua
1155 1647 1412 1685 deliberativae
1439 1647 1628 1684 orationes

176 1711 361 1756 sedecim,
382 1724 468 1748 cum
483 1709 653 1748 exordiis
668 1707 924 1746 deliberativis
939 1715 979 1745 et
998 1708 1083 1746 duae
1103 1707 1412 1746 demonstrativae
1429 1708 1630 1745 continen-

173 1780 249 1812 tur.
280 1771 463 1810 Secundo
489 1771 551 1808 hic
571 1769 828 1821 Δημοσθένους
854 1770 977 1818 λόγων
997 1779 1123 1821 τμῆμα
1144 1770 1322 1819 δεύτερον.
1354 1769 1628 1811 Demosthenis

180 1834 393 1871 orationum
413 1845 501 1883 pars
522 1830 709 1875 secunda,
732 1829 769 1866 in
788 1843 863 1880 qua
883 1831 1083 1878 judiciales
1101 1844 1237 1868 novem
1257 1834 1336 1879 ejus
1355 1831 1521 1881 publicae
1549 1844 1632 1870 ora-

177 1894 302 1932 tiones
328 1894 585 1932 continentur.
643 1891 777 1928 Tertio
796 1891 858 1928 hic
883 1891 1150 1942 Δημοσθένους
1180 1894 1307 1941 λόγων
1334 1901 1460 1943 τμῆμα
1494 1894 1630 1943 τρίτον.

180 1955 453 1993 Demosthenis
482 1953 694 1992 orationum
721 1965 810 2003 pars
837 1953 961 1998 tertia,
989 1966 1065 2003 qua
1085 1954 1292 2002 judiciales
1317 1960 1394 1991 tres
1413 1961 1453 1990 et
1478 1953 1633 2004 triginta

178 2017 336 2068 privatae
367 2018 448 2067 ejus
476 2014 722 2053 continentur
750 2013 956 2051 orationes.
1014 2015 1232 2064 Unicuique
1265 2014 1401 2051 horum
1433 2014 1632 2053 titulorum

179 2078 438 2128 subscriptum
458 2084 518 2114 est
538 2075 769 2125 Corrigente
789 2074 912 2112 Paulo
934 2075 1115 2112 Manutio
1136 2075 1222 2112 Aldi
1242 2075 1332 2112 filio.
1387 2075 1558 2113 Venetiis
1579 2077 1633 2114 A.

184 2143 300 2178 1554.
315 2152 400 2189 quae
420 2139 537 2175 verba
556 2136 713 2173 dubium
732 2142 792 2174 est
807 2137 1000 2186 quomodo
1021 2136 1143 2187 accipi
1159 2136 1322 2173 voluerit
1342 2136 1500 2176 Paulus.
1555 2139 1631 2180 Qui

182 2201 213 2238 si
234 2200 353 2236 voluit
372 2197 610 2236 solummodo
630 2196 861 2247 significare,
886 2209 926 2235 se
955 2198 1114 2235 mendas
1134 2197 1431 2248 typographicas
1451 2211 1472 2235 e
1491 2198 1634 2238 chartis

184 2261 343 2304 musteis
363 2261 490 2298 adhuc
510 2266 550 2296 et
565 2271 587 2296 a
606 2259 714 2308 prelo
734 2257 895 2296 madidis
916 2258 1130 2302 sustulisse,
1150 2271 1210 2295 nae
1226 2265 1351 2308 partes
1371 2271 1459 2296 suas
1475 2260 1554 2310 egit
1568 2261 1635 2298 ad-

182 2322 336 2360 modum
356 2320 601 2371 indiligenter
618 2325 657 2356 et
675 2318 863 2368 imperite.
908 2320 1038 2356 Scatet
1054 2319 1155 2357 enim
1176 2319 1293 2356 editio
1310 2318 1470 2358 Paulina
1485 2323 1634 2360 mendis

185 2381 475 2434 typographicis
495 2388 553 2418 tot
572 2392 733 2416 numero
753 2386 792 2417 et
808 2386 885 2416 tam
907 2380 1091 2430 turpibus,
1112 2388 1154 2417 ut
1167 2393 1298 2418 omnes
1314 2380 1406 2418 alias
1425 2381 1542 2432 longe
1560 2383 1636 2422 hoc

186 2445 225 2482 in
247 2456 390 2494 genere
410 2443 547 2480 vincat.
574 2441 640 2478 Sin
654 2448 782 2478 autem
803 2453 1011 2491 suggerere
1026 2441 1169 2479 Paulus
1186 2442 1318 2486 voluit,
1333 2442 1635 2484 Demosthenem

185 2519 209 2542 a
229 2517 270 2543 se
292 2518 313 2541 e
332 2503 437 2541 libris
453 2502 613 2552 antiquis
628 2502 776 2540 calamo
794 2502 961 2539 exaratis
977 2503 1173 2540 meliorem
1191 2516 1274 2540 esse
1293 2502 1453 2547 factum,
1474 2503 1513 2541 id
1531 2506 1635 2555 quod

187 2566 340 2603 videtur
361 2564 517 2604 omniuo
537 2563 586 2600 de
605 2575 646 2600 se
669 2565 818 2610 Jactare
839 2562 1017 2612 voluisse,
1035 2563 1162 2601 fumos
1182 2563 1366 2600 vendidit.
1424 2563 1512 2614 Ego
1530 2567 1636 2616 equi-

187 2627 291 2671 dem,
312 2638 541 2677 quamquam
567 2624 680 2661 video
708 2624 830 2660 bonas
855 2623 894 2660 in
920 2636 966 2661 ea
994 2625 1130 2662 multas
1160 2637 1243 2661 esse
1265 2623 1463 2669 lectiones,
1485 2625 1637 2666 Aldinis

187 2687 375 2731 meliores,
392 2685 533 2722 nullam
548 2692 677 2722 tamen
699 2684 865 2720 omnium
881 2684 1057 2734 suspicor
1070 2697 1165 2728 esse,
1182 2698 1266 2734 quoe
1286 2697 1360 2721 non
1378 2696 1398 2720 e
1420 2684 1638 2728 Felicianea

186 2749 361 2786 derivata
381 2747 441 2785 sit.
499 2745 679 2783 Feliciani
697 2744 903 2781 editionem
924 2757 946 2782 a
965 2745 1085 2783 Paulo
1104 2746 1282 2783 Manutio
1296 2745 1531 2796 exscriptum
1553 2761 1638 2787 esse

186 2811 241 2848 ait
262 2809 406 2860 Taylor
429 2808 479 2846 ad
500 2807 547 2844 T.
579 2806 632 2843 11.
660 2820 698 2857 p.
719 2808 811 2845 370.
857 2805 1054 2856 Nusquam
1085 2814 1211 2844 tamen
1235 2806 1374 2843 Paulus
1405 2806 1638 2848 Felicianum

189 2872 372 2914 nominat.
431 2872 517 2913 Qua
541 2869 578 2906 in
608 2881 756 2905 renum
778 2867 866 2905 boui
897 2875 935 2905 ct
963 2868 1112 2906 honesti
1141 2868 1206 2906 viri
1229 2880 1365 2905 nomen
1397 2869 1493 2906 tueri
1521 2878 1638 2920 queat
