1824 3171
207 157 329 195 cxlviii
664 161 865 200 REISKII
899 163 1179 201 PRAEFATIO

207 257 281 294 sint
298 257 373 295 illae
392 259 485 309 ipsae
502 259 700 307 lectiones,
713 265 886 312 quoejam
902 264 937 300 in
954 271 1058 301 texto
1074 264 1262 313 leguntur,
1282 261 1459 299 varietate
1476 260 1635 297 lectione

206 330 410 368 suppressa
429 327 466 357 ct
485 320 734 360 dissimulata.
789 323 938 362 Titulus
954 324 1042 361 huic
1061 323 1214 361 editioni
1234 323 1412 373 praefixus
1430 328 1488 359 est
1508 321 1569 357 hic

459 425 645 464 Δημοτθένους
659 427 733 464 λόγοι
751 428 793 457 δύο
806 429 852 457 καὶ
869 429 1009 468 {grim-ra.

460 475 588 508 Λιβανίου
603 480 739 516 σοφιστοῦ
756 478 903 512 ὑποθέσεις
918 479 954 512 εἷς
967 480 1031 512 τοὺς
1047 478 1146 509 αὐτοὺς
1161 476 1265 515 λόγους.

460 524 517 559 Blae:
533 526 711 566 δημοσθένους
725 526 794 557 κατ’
806 526 886 558 αὑτὸν
901 528 1027 561 λιβάνιον.

461 575 518 610 Βίος
531 576 716 614 δημοσθένους
728 579 806 608 κατὰ
821 578 1010 619 πλούταξχον.

458 641 684 674 Demosthenis
699 643 857 675 orationes
873 644 942 674 duze
959 649 990 674 et
1005 643 1181 685 sexaginta.

458 693 582 724 Libanii
597 694 744 734 sophistae
756 694 789 725 in
804 705 858 725 eas
872 694 958 735 ipsas
971 695 1130 725 orationes
1146 698 1339 734 argumenta.

456 745 535 776 Vita
548 746 774 778 Demosthenis
788 757 843 787 per
861 747 1036 777 Libanium.

459 796 607 836 Ejusdem
622 797 688 828 vita
701 807 757 839 per
771 797 984 828 Plutarchum.

203 888 247 927 In
270 889 375 927 calce
404 890 500 928 tituli
529 899 589 929 est
616 892 765 942 signum
791 892 892 938 Aldi,
918 891 1095 930 anchoroe
1123 891 1341 942 implicatus
1370 887 1540 940 delphin.
1596 889 1640 926 In

200 961 333 987 aversa
353 951 479 988 statim
500 952 620 1003 prima
645 953 786 1003 pagina
813 953 957 990 orditur
974 953 1146 1004 praefatio
1166 952 1254 990 Aldi
1272 952 1332 989 his
1353 951 1474 989 verbis
1495 963 1637 990 ALDUS

202 1021 300 1046 Pius
326 1023 557 1050 MANUTIUS
576 1025 784 1051 ROMANUS
810 1026 998 1051 DANIEm
1027 1025 1186 1051 cLAmo
1213 1024 1441 1051 PARMENSI
1462 1011 1502 1049 S,
1523 1011 1566 1049 P.
1591 1013 1641 1050 D.

202 1070 301 1107 unde
313 1074 424 1120 juvat
438 1072 520 1111 haec
540 1087 755 1125 excerpere,
773 1074 978 1126 (Integram
1000 1075 1099 1113 enim
1117 1075 1155 1112 in
1170 1074 1291 1126 operis
1312 1073 1430 1112 nostri
1449 1072 1555 1111 calce
1571 1074 1639 1112 da-

198 1131 339 1179 bimus)
359 1133 459 1172 unde
490 1135 686 1180 nonnulla,
706 1149 937 1187 quamquam
967 1137 1142 1180 obscure,
1164 1136 1424 1187 intelligentur
1451 1134 1500 1173 ad
1527 1135 1641 1185 hujus

200 1192 378 1230 editionis
398 1194 592 1233 historiam
610 1196 853 1247 pertinentia.
888 1197 1031 1235 Nescio
1046 1197 1147 1234 enim
1161 1209 1246 1247 quae
1265 1196 1380 1235 fuerit
1395 1196 1503 1235 istius
1519 1196 1642 1234 aetatis

202 1253 301 1291 mala
317 1256 568 1304 consuetudo,
587 1270 680 1301 rem,
702 1257 749 1294 de
768 1270 845 1307 qua
865 1270 1053 1308 exponere
1071 1257 1225 1302 vellent,
1242 1257 1493 1295 adumbrandi
1507 1257 1644 1308 magis,

201 1327 315 1364 quam
333 1317 546 1356 enarrandi.
601 1318 728 1359 Verba
752 1318 880 1369 itaque
902 1319 1004 1363 Aldi,
1025 1331 1112 1369 quae
1141 1318 1238 1355 tradi
1262 1318 1442 1356 hocloco
1461 1315 1642 1370 etlaccipi

200 1377 327 1423 refert,
356 1381 462 1428 (nam
488 1379 668 1430 pleraque
689 1380 923 1430 praefationis
949 1380 987 1417 in
1013 1380 1090 1418 vita
1113 1379 1351 1430 fortunisque
1372 1380 1642 1419 Demosthenis

201 1440 437 1488 exponendis
458 1453 546 1477 cum
564 1446 776 1486 versentur,
794 1440 872 1479 huc
892 1441 944 1478 nil
963 1440 1127 1489 faciunt)
1148 1440 1229 1478 haec
1249 1447 1350 1478 sunt„

254 1499 405 1538 Abhinc
432 1502 509 1539 fere
546 1501 707 1540 triennio
745 1501 991 1554 desyderanti
1025 1502 1093 1540 tibi
1127 1501 1317 1540 orationes
1350 1501 1641 1547 Demosthenis,

200 1559 303 1598 brevi
323 1574 384 1599 me
401 1562 621 1601 informatas
643 1576 729 1602 mea
748 1576 840 1602 cura
858 1563 1136 1615 publicaturum
1157 1562 1280 1614 recepi
1296 1575 1306 1606 ;
1337 1563 1404 1601 sed
1425 1569 1482 1601 tot
1500 1562 1538 1601 id
1558 1570 1641 1602 ten-

201 1621 296 1658 tanti
322 1622 414 1659 mihi
439 1623 662 1662 acciderunt
680 1624 965 1677 impedimenta,
984 1631 1027 1662 ut
1051 1636 1220 1675 persaepe
1251 1623 1387 1661 excudi
1414 1631 1560 1675 cceptas
1591 1625 1644 1662 in-

199 1684 435 1732 termiserim,
469 1686 766 1726 Carteromacho
798 1689 910 1726 etiam
942 1695 1074 1726 nostro
1105 1687 1490 1725 demirante—cum
1528 1688 1642 1728 etiam

199 1744 405 1783 admodum
429 1759 544 1797 quam
571 1760 694 1798 pauca
721 1761 852 1786 earum
881 1749 1094 1787 orationum
1118 1749 1292 1799 exempla
1318 1749 1546 1788 excudenda
1575 1763 1643 1789 cu-

199 1807 373 1855 raverim,
404 1808 519 1859 idque
551 1815 725 1857 coactus,
752 1809 856 1861 quod
882 1810 920 1847 in
948 1809 1052 1848 nullo
1087 1815 1174 1847 ante
1197 1810 1334 1847 accidit
1362 1810 1554 1849 volumine
1577 1824 1643 1849 ex-

199 1878 293 1904 cuso
311 1868 349 1905 in
370 1867 523 1906 thermis
542 1870 691 1908 nostris.
749 1870 920 1914 Quorum
949 1871 1117 1908 omnium
1142 1869 1233 1907 mihi
1261 1870 1367 1908 testis
1395 1878 1455 1909 est
1478 1872 1642 1923 optimus

199 1928 372 1979 Angelus
404 1929 645 1979 Chabrielus,
671 1931 852 1983 patricius
878 1932 1065 1970 Venetus.
1085 1954 1138 1960 -—
1158 1931 1301 1970 Nescio
1331 1932 1521 1983 quomodo
1550 1933 1645 1972 liber

199 1990 262 2029 hic
279 1993 459 2040 omnium,
479 2006 574 2045 quos
593 1994 863 2045 imprimendos
882 1995 940 2032 vel
960 1995 1078 2032 latine
1098 1993 1157 2032 vel
1177 2007 1300 2045 graece
1319 1996 1546 2042 curavimus,
1565 1996 1645 2034 exit

198 2051 236 2089 in
270 2053 465 2104 publicum
492 2067 542 2092 ex
568 2054 715 2094 aedibus
745 2056 896 2094 nostris.
916 2077 967 2083 ·—
987 2055 1134 2093 Rursus
1157 2055 1187 2093 si
1215 2055 1479 2106 pulcherrimis
1508 2056 1643 2095 chara-

200 2114 366 2152 cteribus
385 2121 424 2153 et
447 2128 630 2168 perquam
650 2117 802 2156 decenti
818 2117 941 2155 forma
958 2116 1183 2166 habituque,
1202 2129 1273 2154 nec
1299 2129 1375 2154 non
1400 2116 1645 2167 castigatissi-

201 2188 284 2213 mus
310 2177 386 2213 exit
411 2177 449 2214 in
476 2190 612 2216 manus
634 2178 844 2216 hominum.
862 2200 914 2206 —-
933 2178 1018 2216 Has
1043 2190 1133 2216 vero
1154 2176 1425 2215 Demosthenis
1452 2178 1641 2217 orationes

201 2236 304 2274 Clari
335 2237 554 2276 doctissime
587 2239 729 2277 nomini
760 2246 827 2277 tuo
862 2245 1100 2290 nuncupatas
1137 2251 1184 2275 ex
1218 2238 1480 2277 Neacademia
1510 2246 1641 2278 nostra

201 2297 407 2336 emittimus
422 2300 470 2337 ob
489 2300 630 2338 multas
651 2312 797 2338 causas.
814 2322 865 2328 -—
878 2300 937 2336 Tu
957 2299 1046 2349 quia
1065 2299 1102 2336 in
1122 2299 1264 2350 inclyta
1281 2299 1356 2337 ista
1374 2300 1466 2337 urbe
1487 2300 1642 2339 alumna

199 2358 362 2397 virorum
381 2360 563 2398 nobilium
590 2359 800 2411 Epidauro,
820 2360 882 2398 cui
907 2373 1006 2397 nunc
1032 2360 1227 2398 Rhacusae
1248 2366 1306 2398 est
1323 2372 1479 2405 nomen,
1498 2367 1536 2399 et
1554 2361 1640 2400 lati-

198 2433 269 2458 nas
296 2428 334 2459 et
358 2434 502 2472 graecas
530 2421 658 2460 literas
683 2422 885 2473 profiteris,
905 2421 1152 2472 instituisque
1170 2423 1408 2473 juventutem
1430 2423 1539 2461 istam
1564 2424 1642 2462 elo—

199 2482 368 2533 quentiae
393 2482 601 2520 studiosam
627 2490 707 2521 arte
736 2483 901 2522 dicendi.
921 2484 1082 2521 --‘Haec
1113 2483 1233 2521 visum
1264 2483 1335 2521 fuit
1367 2497 1413 2521 ex
1448 2483 1520 2522 ista
1549 2485 1640 2523 Aldi

198 2543 419 2594 praefatione
445 2549 622 2593 excerpta
647 2543 711 2582 hic
737 2557 948 2595 proponere
978 2557 998 2581 e
1029 2551 1105 2582 tam
1128 2544 1257 2582 multis
1283 2544 1377 2590 aliis,
1403 2558 1488 2595 quae
1515 2545 1640 2584 Aldus

196 2604 247 2641 ibi
273 2603 440 2654 disputat
458 2617 480 2641 a
498 2604 693 2655 proposito
713 2612 844 2644 nostro
863 2618 1018 2657 prorsus
1039 2605 1174 2643 aliena.
1195 2606 1333 2657 quibus
1352 2618 1422 2643 nos
1447 2606 1561 2644 hodie
1582 2609 1637 2646 fa-

198 2665 271 2704 cile
291 2677 502 2711 careamuS,
523 2677 569 2703 ea
586 2671 666 2704 tum
685 2667 861 2718 temporis
890 2680 967 2705 non
992 2667 1073 2704 sine
1099 2667 1225 2704 fructu
1251 2666 1487 2709 dicebantur,
1514 2680 1637 2718 neque

199 2733 306 2764 erant
331 2739 406 2764 non
428 2727 655 2764 necessaria.
710 2727 785 2764 Sed
803 2740 849 2764 ex
871 2727 960 2774 illis,
979 2740 1064 2777 quae
1089 2726 1212 2772 retuli,
1237 2734 1521 2778 cognoscantur
1540 2727 1637 2775 haec,

200 2788 383 2833 Primum,
400 2786 506 2824 illum
520 2786 721 2826 Danielem
741 2787 921 2836 Clarium,
937 2789 998 2826 cui
1019 2795 1260 2839 nuncupatus
1277 2795 1336 2826 est
1355 2788 1637 2828 Demosthenes

200 2848 378 2893 Aldinus‚
400 2847 517 2886 fuisse
538 2848 686 2886 Parmae
702 2855 850 2894 natum,
871 2848 951 2887 ludi
966 2848 1131 2895 literarii,
1150 2848 1215 2900 qui
1236 2848 1404 2899 Ragusae
1425 2855 1505 2887 tum
1519 2857 1636 2896 esset,

198 2910 434 2962 magistrum.
490 2909 590 2950 Huic
611 2910 733 2950 eidem
761 2911 913 2950 Danieli
940 2910 1069 2950 Clario
1096 2910 1217 2949 Aldus
1247 2910 1438 2962 inscripsit
1463 2923 1485 2949 a
1513 2924 1553 2950 se
1581 2913 1632 2950 A.
