1824 3171
586 155 665 193 AD
697 155 1162 195 DEMOSTHENEM.
1516 158 1606 198 xciii

151 263 307 302 sthenes
325 260 430 300 varii.
487 260 581 298 Post
600 261 827 315 Philippica.
885 261 988 298 Haec
1007 259 1088 298 fere
1115 259 1244 298 omnia
1262 261 1493 299 verbotenus
1513 261 1609 299 fide-

151 325 238 364 liter
258 325 377 363 relata
399 323 462 361 hic
482 322 700 374 prodemus.

622 458 833 501 CAPUT
869 458 1138 501 PRIMUM

280 567 342 603 De
361 567 538 604 codicibus
557 566 660 603 mstis
679 566 931 603 Demosthenis
951 566 988 603 in
1001 566 1141 615 primis,
1162 565 1224 601 sed
1241 570 1275 600 et
1293 563 1485 601 AEsclzinis.

209 660 365 698 ROMAE.
413 659 458 697 In
480 659 721 698 Bibliotheca
740 660 929 698 Vaticana
944 661 1057 710 juxta
1078 657 1438 695 Montefalconium.
1470 657 1609 694 Pluteo

149 725 189 762 2.
221 724 413 760 orationes
433 722 619 773 quaedam.
677 722 883 760 Orationes
899 723 965 762 47.
1023 720 1227 758 Orationes
1250 733 1334 770 quae
1355 719 1610 769 reperiuntur.

150 784 438 822 Demosthenes
459 797 547 821 cum
569 783 745 821 Scholiis.
806 783 910 821 Plut.
932 787 969 821 3.
1027 780 1170 819 Zosimi
1192 780 1430 818 Ascalonitae
1453 779 1610 818 Scholia

149 844 188 881 in
210 845 327 882 Dem.
382 845 502 882 Juxta
524 844 715 896 Ryckium
735 858 827 882 vero
850 844 1136 882 Demosthenes
1159 855 1244 880 cum
1270 841 1434 879 Scholiis
1460 840 1611 878 ineditis

150 905 303 943 Zosimi.
361 905 502 956 Ryckii
524 906 690 956 (scripsit
709 906 787 951 ille,
809 906 942 950 credo,
964 905 1001 941 in
1024 903 1232 955 Capitolio)
1256 903 1467 953 Catalogus
1486 901 1610 940 MSS.

150 966 342 1004 Codicum
360 966 561 1004 Vaticanae
583 974 797 1004 asservatur
818 967 854 1003 in
873 966 974 1004 Bibl.
997 966 1121 1016 Regia
1142 964 1462 1014 Cantabrigiensi.
1493 963 1610 1015 Apol-

149 1026 273 1064 lonius
292 1027 330 1064 in
344 1027 575 1064 AEschinem.
634 1028 824 1066 AEschinis
843 1027 932 1066 Vita
948 1034 986 1065 et
1008 1027 1149 1077 Opera.
1207 1027 1266 1074 Ej.
1287 1026 1472 1077 epistolae.

203 1143 250 1180 In
290 1143 523 1180 bibliotheca
563 1141 728 1193 Reginae
763 1141 923 1188 Sueciae,
958 1140 1075 1179 hodie
1105 1141 1306 1179 Vaticanae
1342 1140 1480 1178 Codex
1519 1143 1610 1180 855.

148 1203 267 1241 Dem.
296 1216 369 1241 orr.
396 1210 437 1241 et
466 1203 556 1240 Vita
582 1216 653 1254 per
673 1203 811 1242 Liban.
846 1203 943 1242 Cod.
968 1206 1083 1242 1643.
1115 1203 1232 1239 Dem.
1255 1215 1326 1239 orr.
1360 1202 1535 1252 quaedam
1560 1215 1611 1239 ex

146 1278 279 1316 graeco
307 1266 516 1304 translatae.
573 1265 618 1302 In
643 1265 883 1304 bibliotheca
904 1265 1080 1303 Palatino
1100 1265 1288 1302 Vaticana
1314 1266 1425 1312 juxta
1453 1264 1613 1315 Sylbur-

147 1327 253 1378 gium
275 1328 374 1366 Cod.
398 1331 485 1366 104.
503 1327 620 1365 Dem.
644 1340 716 1365 orr.
737 1328 913 1378 quaedam
935 1335 974 1366 et
996 1326 1172 1379 Epistola
1193 1325 1373 1376 Philippi.
1397 1326 1497 1364 Cod.
1522 1330 1611 1364 113.

149 1389 268 1427 Dem.
291 1389 379 1427 Orr.
399 1390 575 1441 quaedam
595 1402 683 1427 cum
704 1389 856 1428 Libanii
872 1389 1169 1441 prolegomenis.
1189 1391 1276 1426 142.
1308 1388 1554 1440 Olynthiacae
1575 1395 1613 1426 et

147 1463 219 1502 pro
249 1451 416 1490 Corona.
455 1453 543 1490 162.
582 1450 700 1488 Dem.
731 1451 820 1489 Orr.
851 1455 916 1490 30.
951 1455 1040 1491 193.
1072 1451 1188 1489 Dem.
1220 1450 1309 1488 Orr.
1339 1463 1427 1488 cum
1459 1450 1613 1488 scholiis

148 1512 350 1563 marginal.
371 1515 462 1551 224.
480 1513 597 1550 Dein.
618 1511 706 1551 Orr.
722 1513 893 1564 privatae.
910 1517 1002 1552 340.
1025 1512 1192 1564 Philipp.
1212 1516 1249 1551 3.
1271 1518 1310 1550 et
1327 1515 1366 1550 4.
1388 1518 1427 1550 et
1446 1526 1512 1562 pro
1535 1513 1613 1551 Co-

150 1587 261 1612 rona.
317 1574 466 1613 Ibidem
501 1576 618 1625 juxta
655 1575 821 1613 eundem
853 1576 954 1614 Cod.
988 1578 1054 1614 51.
1094 1575 1138 1612 In
1171 1582 1248 1612 tres
1281 1574 1471 1612 AEschinis
1502 1580 1613 1613 oratt.

149 1637 310 1674 scholia.
353 1640 442 1675 132.
482 1635 673 1674 AEschinis
695 1637 894 1688 Epistolae.
921 1641 1009 1676 134.
1040 1637 1228 1675 AEschinis
1259 1643 1371 1674 oratt.
1402 1653 1441 1674 π.
1462 1654 1549 1688 παρ.
1575 1643 1614 1674 et

147 1697 187 1735 in
216 1698 323 1736 Ctes.
355 1701 418 1737 58.
450 1698 616 1750 Dionys.
649 1699 743 1738 Hal.
780 1700 829 1737 de
858 1699 1141 1737 Demosthene.
1199 1699 1242 1735 In
1271 1698 1373 1736 Bibl.
1403 1698 1614 1737 Barberina

148 1760 424 1799 Demosthenis
446 1761 565 1798 editio
588 1760 704 1799 Basil.
730 1765 846 1801 1549.
867 1762 905 1798 in
927 1769 1065 1799 octavo
1083 1774 1169 1799 cum
1186 1760 1287 1798 notis
1309 1760 1424 1798 mstis.

203 1823 484 1861 FLORENTIAE.
542 1823 589 1861 In
613 1824 707 1862 bibl.
730 1824 914 1862 Medicea
935 1827 1048 1873 juxta
1070 1823 1354 1861 Montefalcon.
1414 1823 1489 1860 See
1510 1822 1614 1860 Lan-

148 1885 233 1936 gius
249 1892 287 1923 at
308 1885 372 1923 the
388 1885 465 1923 end
481 1884 526 1923 of
539 1885 740 1923 Lambecii
762 1886 1011 1924 Prodromus.
1033 1885 1134 1924 Plut.
1151 1889 1189 1923 4.
1213 1885 1313 1923 Cod.
1333 1887 1397 1923 24.
1419 1885 1536 1922 Dem.
1557 1898 1612 1923 or.

146 1947 333 1985 funebris.
353 1950 417 1986 33.
438 1947 589 1986 iterum.
609 1948 708 1984 Plut.
725 1951 762 1986 9.
784 1951 848 1986 30.
873 1961 948 1985 orr.
968 1947 1176 1985 nonnullae.
1216 1946 1275 1984 Pl.
1297 1949 1361 1984 50.
1386 1949 1420 1984 1.
1460 1946 1614 1983 Exhor-

147 2008 313 2045 tationes
340 2008 453 2045 trium
483 2008 815 2060 Philosophorum,
845 2009 922 2046 vid.
945 2008 1148 2053 AEschinis,
1180 2007 1366 2045 Demadis
1396 2014 1510 2057 atque
1531 2008 1613 2044 De-

149 2069 372 2108 mosthenis.
395 2069 453 2106 Pl.
474 2073 539 2108 53.
563 2072 624 2111 17.
655 2083 729 2109 orr.
750 2074 789 2109 4.
811 2083 832 2108 e
850 2084 978 2121 graeco
998 2071 1037 2107 in
1056 2071 1120 2107 lat.
1141 2069 1336 2107 translatae
1353 2082 1421 2119 per
1443 2069 1497 2106 Io.
1519 2069 1613 2107 Are-

150 2132 287 2170 tinum.
329 2132 387 2168 Pl.
407 2134 472 2170 56.
494 2134 529 2168 1.
572 2132 770 2182 Anonymi
790 2139 1018 2182 argumenta
1035 2132 1071 2168 in
1092 2131 1293 2168 nonnullas
1320 2131 1437 2169 Dem.
1458 2144 1531 2168 orr.
1555 2131 1614 2168 Pl.

150 2196 294 2235 5739.
326 2192 485 2244 Olynth.
505 2200 595 2230 tres.
619 2193 677 2230 Pl.
698 2196 762 2231 59.
782 2198 820 2231 4.
842 2194 958 2231 Dem.
980 2206 1053 2231 orr.
1074 2192 1244 2244 privatae.
1266 2195 1303 2230 8.
1321 2192 1448 2230 variae.
1466 2193 1556 2230 item
1574 2196 1613 2232 9.

150 2262 191 2293 et
213 2259 273 2294 10.
292 2262 331 2293 et
353 2258 414 2294 19.
431 2257 496 2293 26.
514 2261 627 2292 oratt.
649 2257 713 2292 21.
735 2261 775 2292 et
795 2255 891 2305 Epp.
911 2258 949 2293 6.
973 2257 1036 2295 27.
1059 2268 1130 2292 orr.
1159 2257 1222 2293 38.
1244 2257 1308 2293 29.
1331 2267 1402 2291 orr.
1426 2261 1519 2292 tres.
1547 2258 1612 2294 39.

149 2317 309 2368 aliquot.
331 2320 396 2355 46.
427 2332 466 2353 π.
500 2333 665 2367 παραπρ.
695 2319 761 2357 47.
794 2316 1054 2368 Olynthiacae.
1091 2316 1193 2353 Plut.
1227 2318 1292 2356 57.
1323 2319 1384 2355 12.
1418 2316 1613 2355 AEschinis

152 2379 252 2430 Epp.
272 2381 338 2418 45.
372 2378 531 2415 Eaedem
558 2384 596 2416 et
615 2378 750 2417 AEsch.
774 2386 888 2416 oratt.
911 2386 1003 2425 tres,
1024 2379 1103 2416 vita
1120 2386 1158 2416 et
1180 2378 1375 2429 Apollonii
1397 2379 1613 2418 Enarratio.

149 2454 225 2479 nec
245 2454 323 2478 non
343 2440 401 2478 Pl.
424 2443 488 2479 58.
510 2443 548 2478 6.
576 2444 642 2480 59.
660 2443 698 2480 5.
719 2444 785 2480 63.
803 2444 866 2481 33.
884 2442 948 2482 70.
966 2444 1003 2480 4.
1026 2447 1065 2478 et
1084 2443 1148 2480 28.
1172 2444 1235 2479 80.
1261 2444 1323 2479 18.
1351 2440 1443 2479 item
1464 2446 1529 2481 66.
1547 2446 1612 2482 31.

153 2503 305 2541 Glossae
323 2502 363 2539 in
384 2501 520 2539 AEsch.
537 2501 626 2541 Orr.

205 2565 251 2602 In
271 2564 371 2602 Bibl.
395 2564 625 2601 Monasterii
647 2564 989 2603 Benedictinorum
1020 2565 1066 2602 B.
1089 2565 1227 2603 Mariae
1242 2568 1356 2614 juxta
1378 2566 1612 2605 Montefalc.

153 2627 270 2665 Dem.
290 2625 379 2663 Orr.
401 2625 530 2663 codex
552 2626 762 2664 membran.
783 2640 932 2664 recens.
964 2626 1052 2664 Orr.
1074 2634 1113 2665 et
1133 2627 1307 2678 epistolae
1327 2629 1412 2666 cod.
1431 2629 1610 2680 bombyc.

156 2688 256 2726 Saec.
279 2691 340 2726 16.
400 2687 510 2724 Alius
531 2687 740 2725 membran.
762 2701 912 2725 recens.
969 2688 1171 2726 AEschines
1192 2689 1228 2725 in
1251 2689 1312 2726 ch.
1333 2690 1512 2743 bombyc.
1536 2691 1614 2727 Sae-

156 2749 232 2787 culi
252 2752 312 2787 16.
371 2748 429 2797 Ej.
452 2748 625 2799 epistolae
644 2749 682 2786 in
703 2750 840 2788 codice
869 2750 1030 2789 recenti.
1089 2751 1132 2787 In
1153 2751 1244 2787 bibl.
1267 2751 1306 2788 S.
1329 2751 1455 2790 Marci
1476 2752 1611 2789 Domi-

155 2811 380 2853 nicanorum
412 2811 525 2849 Dem.
553 2824 626 2849 orr.
659 2819 794 2849 contra
812 2812 1046 2850 AEschinem.
1105 2813 1206 2850 Item
1228 2813 1464 2864 Philippicae.
1486 2814 1609 2852 Leon.

157 2871 335 2910 Aretinus
351 2872 542 2910 transtulit
562 2886 649 2910 cum
670 2874 776 2924 praef.
800 2874 850 2911 ad
869 2874 999 2912 Nicol.
1020 2874 1231 2913 Medicem.

213 2933 354 2973 Cesenae
370 2934 410 2985 in
429 2935 523 2974 bibl.
544 2935 605 2973 Fr.
630 2937 837 2983 Minorum,
857 2951 943 2989 quae
965 2937 1055 2977 olim
1074 2937 1143 2975 fuit
1165 2938 1470 2984 Malatestarum,
1494 2939 1609 2977 Dem.
