1824 3171
587 171 666 209 AD
697 168 1159 209 DEMOSTHENEM.
1491 179 1587 212 cxcv

131 273 430 326 aequiparandas.
488 272 630 310 Mirum
651 273 754 311 dictu
775 281 845 321 est,
868 287 980 326 quam
1000 273 1171 325 turpibus
1200 276 1321 312 modis
1351 279 1580 326 posteriores

131 337 297 374 editores
316 348 338 372 a
353 333 532 384 primariis
553 333 641 372 edd.
658 335 930 381 desciscentes,
949 349 1015 374 seu
1036 335 1226 380 socordia,
1244 349 1310 374 seu
1330 338 1492 384 inscitia,
1511 353 1579 377 scu

130 396 349 440 ambitione,
370 407 438 434 seu
458 394 746 445 importunitate
778 397 944 447 quadam
973 396 1121 446 critica,
1150 397 1273 435 bonos
1307 404 1483 436 auctores
1513 400 1579 437 de-

129 456 388 500 formaverint,
410 463 450 494 et
469 457 630 507 vestigia
648 457 835 496 bonarum
865 458 1085 503 lectionum,
1119 457 1200 495 sine
1231 459 1369 509 quibus
1400 468 1578 498 auctores

126 517 287 568 intelligi
308 525 517 568 nequeunt,
540 519 838 558 obscuraverint.
879 519 1168 558 Demonstrabit
1198 520 1294 558 liber
1324 528 1456 559 noster
1486 522 1581 558 vari·

124 578 281 624 antium,
302 579 394 630 quid
419 580 628 618 lectionum
649 582 1036 619 Demosthenicarum
1067 587 1239 619 versetur
1269 582 1305 618 in
1338 582 1453 629 libris,
1484 596 1578 633 quo-

124 652 209 677 rum
229 640 339 691 copia
368 641 478 679 nobis
510 641 590 687 fuit,
622 649 662 681 et
688 643 781 694 quid
809 651 976 681 vetustas
1006 643 1115 681 nobis
1145 643 1365 689 tradiderit3
1394 652 1473 681 tum
1494 644 1578 695 quis

122 702 263 752 primus
296 702 429 740 vitium
462 704 600 753 cuique
633 705 722 743 loco
753 705 944 748 intulerit3
980 705 1148 756 denique
1169 705 1252 756 quis
1272 705 1416 756 primus
1449 719 1579 744 corre-

122 764 233 809 xerit,
254 770 319 801 aut
339 764 531 814 quomodo
563 764 695 802 vitium
725 767 866 817 corrigi
896 767 1048 805 debeat,
1120 767 1211 804 Hac
1245 767 1399 804 demum
1428 767 1578 805 ratione

121 832 250 876 potest
271 826 320 863 de
340 825 500 863 veritate
520 826 694 865 lectionis
716 828 1029 866 Demosthenicae
1060 835 1250 867 constare.
1310 829 1400 866 Non
1429 829 1578 867 minore

120 887 308 937 religione
338 887 496 925 tractari
525 901 548 925 a
577 888 686 926 nobis
713 889 857 927 debent
886 898 1062 928 auctores
1094 889 1256 941 profani,
1283 898 1399 941 atque
1420 890 1577 928 Novum

121 949 425 987 Testamentum.
447 962 523 1000 qua
542 950 591 987 de
621 963 735 988 causa
768 952 924 990 codices
945 952 997 989 N.
1017 952 1065 990 T.
1099 952 1234 989 sedulo
1265 951 1496 997 excutimus,
1517 965 1579 990 ea-

119 1009 207 1047 dem
235 1011 284 1048 de
313 1024 427 1048 causa
458 1011 572 1048 etiam
601 1012 874 1051 Demosthenis
904 1014 1158 1063 aliorumque,
1178 1020 1368 1063 quotquot
1387 1021 1488 1059 sunt,
1511 1027 1576 1051 ve-

117 1078 304 1109 tustorum
342 1078 542 1109 auctorum
576 1073 731 1112 codices
765 1075 909 1125 inspici,
945 1087 1152 1124 earumque
1184 1075 1370 1112 lectiones
1411 1075 1505 1120 erui,
1535 1082 1575 1111 et

115 1132 275 1183 proferri
305 1145 373 1183 par
402 1140 473 1170 est.
503 1146 592 1171 nam
619 1135 702 1172 sola
729 1135 814 1173 haec
837 1142 895 1173 est
915 1135 977 1172 via
995 1135 1196 1172 veritatem
1228 1134 1450 1173 historicam
1479 1135 1575 1173 texti

115 1196 315 1244 cujusque,
342 1193 421 1231 sive
451 1206 613 1239 sacrum,
641 1194 720 1232 sive
749 1195 952 1245 profanum
983 1202 1054 1241 est,
1087 1208 1108 1232 e
1143 1208 1336 1233 consensu
1366 1196 1574 1234 multorum

112 1261 353 1292 vetustorum
381 1255 552 1305 probatae
581 1255 673 1294 fidei
704 1257 884 1295 codicum
911 1256 1214 1295 demonstrandi.
1273 1257 1337 1295 Sic
1369 1258 1574 1308 cognosci-

110 1328 196 1353 mus
215 1315 382 1365 origines
401 1328 584 1362 errorum,
606 1316 660 1355 sic
679 1318 814 1356 modos
835 1317 1077 1363 emendandi,
1094 1317 1148 1355 sic
1168 1317 1292 1355 multa
1311 1319 1463 1356 occulta
1480 1319 1573 1357 vitia

109 1376 395 1427 investigamus,
425 1377 480 1414 sic
511 1385 778 1428 corruptorum
808 1379 1000 1430 nequitias
1029 1378 1367 1430 deprehendimus,
1402 1380 1458 1418 sic
1488 1381 1571 1419 lau·

109 1438 200 1476 dem
230 1438 421 1476 emendati
452 1446 517 1476 aut
546 1440 730 1479 vindicati
761 1445 947 1491 cujusque
977 1440 1055 1479 loci
1083 1441 1230 1478 auctori
1259 1455 1329 1479 suo
1360 1442 1572 1480 tribuimus.

110 1501 200 1553 Ego
220 1501 399 1553 equidem
428 1514 515 1539 cum
542 1502 656 1541 video
682 1511 839 1541 strenua
868 1504 1070 1542 doctorum
1102 1503 1299 1540 hominum
1329 1516 1448 1554 opera
1476 1503 1570 1541 alio·-

109 1576 195 1600 rum
213 1570 300 1614 post
328 1562 420 1601 alios
453 1563 623 1601 limatum
648 1565 953 1603 Demosthenem
987 1571 1027 1601 et
1055 1563 1247 1614 gradatim
1281 1565 1479 1602 meliorem
1510 1565 1570 1602 fa·-

108 1631 228 1670 ctum,
249 1631 292 1662 ut
311 1638 409 1662 nunc
428 1625 616 1675 possimus
635 1639 682 1663 eo
698 1639 785 1663 cum
805 1627 932 1676 aliqua
951 1624 1224 1671 delectatione,
1254 1626 1374 1663 multo
1404 1626 1568 1676 expedi-

105 1686 194 1732 tius,
229 1693 342 1736 atque
375 1689 540 1735 majores
573 1687 692 1724 nostri
725 1694 916 1738 poterant,
950 1687 1017 1732 uti,
1051 1700 1215 1725 veneror
1248 1700 1381 1725 eorum
1418 1700 1568 1732 manes,

105 1747 171 1799 qui
196 1747 272 1784 mei
302 1759 431 1791 causa,
454 1761 569 1798 quem
599 1761 676 1785 non
706 1756 858 1795 norant,
886 1748 1057 1787 nondum
1088 1755 1234 1794 natum,
1265 1749 1566 1787 innumerabiles

102 1821 306 1859 suscepere
342 1808 508 1855 labores,
548 1822 708 1859 quorum
746 1823 871 1860 neque
907 1822 1123 1855 numerum,
1162 1823 1293 1860 neque
1331 1810 1566 1860 magnitudi-

102 1883 192 1908 nem
227 1869 461 1920 cogitatione
494 1878 762 1922 consequatur,
794 1872 865 1908 nisi
898 1871 961 1922 qui
996 1871 1107 1909 simili
1140 1871 1177 1908 in
1206 1871 1365 1922 pistrino
1399 1872 1567 1909 desuda-

101 1931 221 1975 verit3
252 1930 412 1982 parique
439 1932 555 1969 modo
585 1946 697 1983 spero
723 1933 907 1977 futurum,
937 1940 979 1969 ut
1004 1939 1116 1982 grata
1145 1932 1351 1982 posteritas
1381 1932 1564 1970 memine-

103 1994 152 2031 rit
170 1994 389 2044 aliquando,
410 1993 527 2031 fuisse
550 1995 750 2032 Reiskium
772 1995 980 2045 quendam,
1002 1994 1197 2032 hominem
1217 1995 1464 2039 laboriosum,
1485 1995 1562 2044 qui,

102 2068 180 2106 quo
201 2054 504 2092 Demosthenem
535 2055 606 2092 sibi
635 2056 676 2092 in
706 2069 840 2093 manus
863 2056 973 2093 daret
992 2055 1099 2092 lectu
1127 2063 1167 2092 et
1195 2062 1383 2106 perceptu
1411 2056 1560 2106 planio-

98 2129 192 2162 rem,
215 2115 620 2166 emaeulatioremque,
648 2117 761 2153 nullis
791 2116 939 2166 vigiliis,
971 2116 1064 2152 nulli
1093 2129 1232 2166 operae,
1262 2116 1357 2153 nulli
1381 2116 1559 2166 pecuniae

98 2179 214 2227 adeo,
240 2177 468 2229 peperserit,
490 2177 629 2215 multas
649 2177 944 2215 commoditates
965 2177 1164 2227 spreverit,
1186 2177 1323 2214 multas
1343 2170 1448 2214 taedii
1477 2178 1559 2228 ple-

96 2240 268 2279 nissimas
288 2239 480 2276 molestias
508 2239 610 2276 ultro
630 2240 856 2290 susceperit,
885 2252 1023 2277 sannas
1053 2239 1258 2276 stultorum
1291 2239 1554 2284 contemserit,

90 2304 283 2351 jacturam
312 2300 367 2338 rei
392 2299 599 2345 familiaris,
628 2301 818 2351 bonaeque
849 2299 1077 2338 valetudinis
1107 2300 1210 2337 bono
1233 2300 1388 2351 publico
1418 2300 1557 2338 lubens

96 2361 382 2407 condonaverit,
395 2361 492 2399 vires
512 2362 652 2400 mentis
672 2369 712 2400 et
732 2361 900 2412 corporis
921 2361 1154 2412 impenderit
1169 2361 1387 2412 Ignotorum
1401 2362 1552 2406 studiis,

97 2423 372 2468 commoditati,
400 2423 662 2461 delectationi.
719 2424 936 2461 Doctorum
955 2423 1151 2460 hominum
1171 2423 1222 2460 ad
1250 2423 1452 2461 Demosth.
1473 2423 1555 2461 ani-

94 2485 381 2524 madversiones
401 2485 492 2522 dum
513 2485 684 2530 excutio,
707 2485 822 2522 miror
838 2485 930 2522 alias
949 2483 1106 2522 humani
1125 2483 1268 2534 ingenii
1282 2484 1489 2530 solertiam,
1514 2491 1554 2522 et

94 2549 247 2599 igneam
265 2547 354 2592 vim,
382 2546 474 2584 alias
503 2547 722 2585 coecitatem
751 2553 791 2585 et
825 2546 1094 2584 infirmitatem.
1149 2546 1197 2583 In
1217 2545 1553 2584 emendationibus

95 2610 268 2648 felicibus
288 2616 328 2646 et
347 2620 456 2659 paene
478 2607 616 2644 divinis
646 2621 764 2646 cerno
794 2615 832 2645 et
852 2607 1100 2645 mirabundus
1123 2607 1291 2658 suspicio
1309 2607 1385 2645 vim
1413 2607 1552 2645 mentis

92 2672 283 2716 humanae,
305 2683 352 2708 ex
372 2669 534 2708 occultis
552 2670 722 2720 vestigiis
737 2669 937 2707 veritatem
957 2669 1148 2714 eruentis3
1168 2683 1299 2708 rursus
1319 2677 1492 2708 errantes
1510 2670 1550 2706 in

96 2733 209 2770 rebus
224 2731 340 2769 obviis
361 2738 400 2769 et
419 2731 637 2776 notissimis,
665 2732 814 2782 sibique
833 2744 986 2782 prorsus
1007 2731 1206 2770 dissimiles
1227 2745 1314 2771 cum
1332 2733 1459 2779 video,
1481 2733 1549 2770 ob-

93 2793 257 2839 liviosos,
287 2807 415 2831 earum
434 2793 601 2843 ipsarum
622 2806 762 2839 rerum,
785 2807 879 2844 quas
898 2800 1068 2839 nossent,
1090 2793 1259 2845 alibique
1279 2808 1382 2846 saepe
1403 2793 1546 2844 optime

94 2855 349 2900 tradidissent,
369 2855 625 2899 immemores,
646 2869 785 2906 pueros
814 2869 924 2906 poene
953 2855 1169 2906 turpissime
1189 2869 1230 2893 se
1252 2856 1400 2901 dantes,
1419 2867 1547 2892 recor-

95 2917 164 2955 dor
182 2916 289 2955 sortis
308 2929 418 2960 meae,
439 2916 633 2954 miseratio
662 2930 723 2955 me
747 2917 848 2955 subit
877 2916 988 2955 sortis
1017 2917 1108 2954 mihi
1138 2930 1228 2955 cum
1254 2917 1420 2954 humano
1442 2914 1543 2952 omni
