1824 3171
267 210 371 257 124

639 324 749 353 ΧῙΝ

658 212 1305 257 ΔΗΜΟΣΘΕΝΟΎΣ

1163 401 1175 415 2
1275 399 1287 418 Ι
1368 402 1387 419 Ι

261 329 339 380 τοῦ
357 329 554 397 πολέμου
573 350 651 379 και
693 352 747 397 τῃ
767 326 924 379 τούτου
944 329 1206 401 παρασκευῇ
1224 324 1437 387 ἄτακτα,
1451 326 1710 402 ἀδιόρθωτα,

508 398 519 419 Ι
1026 400 1038 420 Ι
1579 400 1592 420 Χ

259 402 451 476 α’ὄξιστα
484 403 695 454 ἅπαντα.
738 402 967 475 Τοιγαροῦν

1001 404 1107 471 αμα
1141 424 1397 471 ακηκοαμεν
1431 425 1475 452 τι
1512 425 1590 452 και
1619 426 1711 477 τρι-

1696 475 1710 494 Χ

259 475 476 568 ηροὶςχους
495 476 790 542 καθίσταμεν
807 473 884 526 καὶ
912 474 1079 533 τούτοις
1095 473 1335 533 οἷντιδόσεις
1354 472 1605 543 ποιούμεθα
1631 499 1710 526 και

259 573 356 624 περι
383 549 627 622 χρημάτων
653 547 782 623 πόρου
809 549 1086 616 σκοποῦμεν·
1111 546 1189 599 καὶ
1216 547 1341 618 μετοὶ
1367 550 1522 600 ταῦτα
1541 547 1712 618 ἐμβαί-

194 647 241 680 19
260 647 337 674 vem
366 625 466 681 τούς
497 621 733 691 μετοίκους
771 618 889 686 ἔδοξε
926 620 1004 672 καὶ
1043 623 1144 680 τοῦς
1182 620 1319 689 χωρὶς
1357 621 1597 684 οἷκοῧντας,
1632 619 1712 674 εἶτ’

543 732 551 750 ¹
567 731 618 762 τῆς
635 729 736 759 τούτου
753 729 942 768 wagan-neuile,-
956 727 1089 764 ἄτακτα,
1106 726 1238 768 ἀόξιστα,
1254 726 1413 768 ἀδιόρθωτα

298 812 493 855 Τριηρίιςχους]
529 811 706 841 Triremimn
740 810 894 852 Praefecti.-
921 821 968 840 ar·

256 862 404 886 rnamenta
427 856 601 885 triremibus
619 862 649 884 et
671 854 786 883 victum
802 854 967 893 remigibus

255 908 295 928 ex
321 899 385 928 suis
413 898 586 937 sumptibus
610 898 738 926 dabant:
768 901 896 936 propter
922 903 967 926 ta-

253 951 321 970 men
339 946 476 980 sumptus
500 940 746 978 magnitudinem,
765 950 800 968 ea
815 940 965 969 interdum

253 994 270 1012 a
287 984 411 1013 civitate
427 987 632 1022 acceperunt:
657 982 818 1021 aliquando
841 984 901 1012 duo
927 983 966 1011 si-

251 1027 314 1055 mul
325 1027 476 1056 triremem
487 1026 709 1060 instruxerunt,
718 1025 880 1064 aliquando
892 1031 966 1059 tres,

250 1069 415 1108 aliquando
439 1070 557 1103 decem,
581 1068 743 1107 aliquando
768 1069 880 1108 plureS.
925 1068 966 1097 Ut

251 1117 351 1141 autem
369 1113 517 1141 Praetores
533 1111 561 1140 in
578 1121 611 1140 re
628 1111 777 1140 maritima
790 1111 964 1140 trierarchis

251 1155 402 1190 omnibus,
432 1154 476 1183 sic
506 1153 620 1193 singuli
649 1153 809 1183 trierarchi
837 1154 966 1192 singulis

252 1198 437 1232 triremibus,
451 1208 485 1226 ac
500 1198 567 1235 ejus
582 1197 714 1226 triremis
726 1196 892 1236 remigibus
908 1196 965 1225 im-

250 1245 406 1278 perarunt.
451 1240 557 1278 Sigon.
575 1240 627 1268 lib.
646 1240 688 1268 iv.
713 1243 743 1269 4.
768 1243 799 1268 et
821 1240 851 1269 5.
884 1239 963 1268 Vide

251 1283 337 1312 Suid.
354 1288 384 1313 et
400 1282 489 1312 Pe'tit.
508 1282 536 1311 in
557 1283 633 1321 Leg.
648 1283 712 1312 Ati.
730 1283 751 1311 l.
764 1282 810 1311 iii.
824 1281 888 1321 [tit.
905 1281 962 1321 iv.]

249 1326 389 1356 Momm.
427 1326 468 1355 Et
483 1326 554 1354 Vol.
571 1325 603 1354 ii.
618 1335 650 1364 p.
667 1327 740 1355 375.
759 1336 803 1363 sq.

293 1367 473 1408 Ἀντιδόο-εις]
504 1367 675 1397 Robortell.
699 1367 859 1397 Emendat.
887 1366 908 1396 i.
932 1370 963 1398 3.

249 1412 410 1441 huon.
454 1411 547 1439 Solon
571 1410 694 1450 quidem
720 1411 757 1439 ab
785 1410 871 1439 initio
892 1420 963 1448 pro-

249 1459 356 1492 pterea
377 1463 487 1482 census
510 1452 624 1482 civium
648 1453 858 1487 constituerat,
876 1458 962 1482 etex

250 1497 288 1525 iis
305 1497 418 1526 classes
435 1499 562 1534 quatuor
574 1495 793 1534 descripserat,
805 1495 963 1534 Quinque-

250 1539 439 1573 modialium,
450 1538 606 1578 Equitum,
622 1538 830 1577 Zeugitarum,
845 1544 874 1568 et
885 1538 964 1567 'rhe-

249 1582 391 1617 tinorum,
406 1587 441 1610 ut
452 1591 555 1611 omnes
571 1591 626 1620 prc
644 1581 760 1610 ratione
777 1582 962 1610 fortunarum

250 1635 371 1654 suarum
395 1635 529 1663 operam,
556 1624 749 1663 studiumque
774 1634 858 1654 suum
883 1624 961 1663 reip.

251 1668 489 1702 commodarent,
503 1678 538 1696 ac
555 1677 592 1697 ne
615 1666 682 1706 quis
699 1667 896 1697 excusatione
918 1672 961 1697 te-

250 1710 374 1740 nuitatis
389 1710 584 1748 publicorum
601 1720 756 1739 munerum
775 1720 850 1739 onus
874 1710 961 1739 defu-

249 1757 346 1791 geret,
360 1753 498 1783 ἀντίδοσιν
523 1753 722 1791 excogitarat,
739 1763 805 1791 quae
822 1752 880 1782 fuit
896 1763 961 1782 mu-

249 1796 329 1825 neris
341 1801 371 1825 et
383 1796 568 1824 fortunarum
581 1805 649 1824 cum
661 1796 754 1824 altero
765 1795 959 1834 permutatio.

249 1838 361 1868 Postea
383 1837 509 1876 placuit,
534 1842 578 1873 ut,
601 1842 665 1867 tota
692 1838 810 1867 ratione
836 1842 960 1873 mutata,

248 1881 332 1909 mille
348 1891 382 1910 ac
397 1881 518 1910 ducenti
535 1891 574 1910 ex
589 1880 742 1909 universis
754 1881 904 1910 classibus
918 1881 961 1909 le-

248 1928 401 1962 gerentur,
417 1924 469 1962 qui
490 1934 559 1952 cum
584 1927 711 1952 caeteros
735 1923 855 1952 divitiis
878 1928 960 1952 ante-

247 1967 402 2001 cederent,
416 1966 473 1995 soti
487 1966 578 1995 etiam
594 1965 787 2003 publicorum
803 1976 960 1995 munerum

249 2019 341 2038 onera
365 2009 560 2038 sustinerent.
588 2007 693 2047 Sigon.
711 2008 786 2037 ibid.
811 2008 961 2044 Quamvis

251 2057 350 2081 eutem
365 2052 552 2081 immutatum
567 2051 658 2080 fuerit
672 2051 856 2083 institutum,
869 2051 962 2080 nihilo

251 2101 351 2124 tamen
366 2095 466 2123 minus
489 2094 684 2123 obtinuerunt
706 2104 827 2132 semper
841 2093 963 2122 Solonis

252 2138 312 2177 περὶ
337 2139 391 2166 τῶν
416 2136 578 2165 ἀντιδόσεων
601 2137 710 2175 Leges,
728 2137 963 2165 accommodatae

252 2185 366 2209 tantuin
383 2180 420 2208 ad
434 2179 679 2208 distributionem
696 2178 809 2208 civium
827 2184 897 2217 post
908 2179 964 2208 So-

253 2223 352 2251 lonem
382 2232 438 2251 usu
464 2226 625 2261 receptam.
670 2220 778 2260 Itaque
802 2221 828 2250 si
851 2222 921 2260 quis
946 2232 963 2250 e

255 2265 400 2295 trecentis
416 2264 468 2303 qui
493 2264 621 2303 sepositi
646 2268 733 2293 erant
753 2264 790 2293 ad
807 2264 963 2294 obeundas

252 2308 458 2337 Trierarchias
470 2311 608 2346 sumptus
624 2307 754 2336 tolerare
771 2317 830 2335 non
847 2312 963 2345 posset,

254 2352 340 2389 Lege
356 2351 470 2380 licebat
485 2360 521 2379 ea
536 2350 634 2379 classe
651 2350 814 2384 excedere,
831 2350 856 2378 si
873 2359 963 2388 quem

255 2404 286 2421 se
315 2393 545 2432 locupletiorem
578 2397 731 2422 vacantem
764 2392 962 2422 ostendisset.

255 2437 346 2472 Quod
364 2437 388 2464 si
408 2437 434 2465 is
451 2436 502 2474 qui
518 2435 745 2474 designabatur,
763 2444 796 2463 se
820 2435 963 2465 ditiorem

254 2489 322 2507 esse
336 2479 491 2513 fateretur,
502 2478 530 2506 iu
541 2482 692 2507 trecentos
703 2477 828 2506 alterius
841 2478 907 2507 loco
917 2488 963 2507 re-

254 2521 417 2550 ferebatur:
432 2521 455 2549 si
469 2521 827 2559 negaret,pei-mutabant
840 2521 917 2550 inter
928 2531 961 2550 se

253 2563 421 2592 facultates.
442 2564 535 2591 Petit.
548 2564 575 2591 in
586 2564 660 2600 Leg.
672 2564 762 2592 Att.l.
775 2563 818 2594 iii.
831 2563 894 2603 [tit.
904 2562 962 2603 iv.]

253 2606 368 2635 Confer
384 2606 564 2643 Argumcnt.
584 2606 620 2634 ad
641 2606 798 2635 Deinostli.
816 2610 846 2634 et
863 2607 962 2636 Isocr-

234 2654 331 2684 vorat.
356 2648 415 2686 περὶ
444 2646 616 2680 ἀντιδόσεως.
670 2650 738 2678 Non
762 2649 960 2678 omittendum

255 2692 394 2731 estquod
412 2690 460 2719 liic
476 2690 589 2727 optime
606 2691 769 2720 observant
784 2692 962 2721 'rourretlus

254 2739 343 2773 utque
372 2734 535 2768 Olivetus;
560 2743 666 2771 nempe
692 2744 727 2762 ex
755 2734 809 2762 hac
840 2734 962 2763 Solonis

253 2778 333 2816 lege,
350 2777 421 2806 licet
438 2776 466 2804 in
491 2786 523 2803 sc
548 2776 625 2804 hona
646 2786 680 2804 ac
697 2776 837 2814 sapienti,
854 2787 961 2815 magna

254 2823 330 2859 reip.
356 2818 545 2849 incommoda
569 2817 693 2846 evenire
719 2829 822 2856 posse,
846 2820 960 2858 quippe

252 2864 345 2901 quod,
368 2872 435 2892 cum
465 2861 576 2899 aliquid
604 2860 752 2897 agendum
778 2866 872 2895 esset,
897 2872 959 2891 rem

253 2907 329 2934 mule
349 2903 602 2943 procrastinarent
621 2903 666 2931 ha·
687 2903 766 2940 apud
792 2905 958 2942 Imperato-

251 2960 300 2977 res
318 2947 519 2977 discutienda:
541 2945 600 2984 περὶ
617 2945 780 2977 ἀντιδόσεως
802 2945 957 2976 Actiones.

253 2992 391 3022 Meum.
438 2990 509 3018 t'id.
526 2989 594 3017 Vol.
611 2988 641 3017 ii¹
660 2998 690 3027 p.
706 2991 780 3019 584.

1045 809 1202 850 Ἐμβαίνειν
1224 812 1289 844 τοὺς
1310 810 1472 852 μετοίκους]
1504 810 1638 846 Μέτοικος
1664 817 1710 842 est

1001 853 1053 892 qui
1070 865 1108 883 ex
1125 854 1185 883 alia
1200 854 1326 883 civitate
1343 854 1380 883 ad
1397 855 1485 883 aliam
1502 854 1711 893 emigrat,neo

1002 901 1034 925 ut
1050 897 1229 935 peregrinus
1244 897 1281 925 ad
1306 898 1399 926 breve
1416 902 1534 936 tempus
1559 898 1712 932 adventat.

1001 939 1056 968 sed
1086 939 1150 968 illic
1185 938 1372 968 domicilium
1399 940 1500 969 habet.
1555 940 1712 970 Pendebat

1001 992 1073 1011 vero
1090 982 1250 1021 quotannis
1276 982 1356 1012 XII.
1375 983 1543 1016 drachmas,
1559 983 1642 1021 quod
1657 993 1711 1021 με-

1000 1023 1098 1053 τοίκιον
1122 1025 1292 1054 dicebatur.
1337 1024 1399 1061 Qui
1425 1025 1456 1054 id
1481 1026 1626 1055 tributum
1652 1036 1710 1055 non

1000 1067 1165 1102 solverant,
1181 1068 1409 1097 abducebantur
1429 1068 1466 1097 ad
1482 1068 1547 1102 τοὺς
1562 1070 1712 1103 πωλητὰς,

1000 1110 1195 1148 convictique
1219 1111 1375 1140 venibant.
1406 1111 1545 1149 Harpoc.
1588 1111 1709 1140 Horum

999 1151 1136 1182 Μετοίκων
1148 1153 1201 1182 alii
1211 1151 1351 1192 μετοίκιον
1363 1163 1419 1182 non
1434 1154 1614 1193 pendebant,
1624 1154 1711 1193 quip-

999 1206 1038 1234 pe
1062 1206 1154 1234 quum
1184 1197 1290 1225 eodem
1318 1206 1386 1225 cum
1411 1197 1530 1225 civibus
1553 1202 1711 1227 uterentur

996 1240 1073 1275 jure,
1099 1246 1129 1268 et
1153 1237 1299 1272 Ἰσ-οτελεῖς
1322 1238 1511 1268 dicebantur.
1555 1240 1665 1269 Omnia
1681 1246 1711 1270 et

998 1281 1119 1319 privata
1135 1285 1164 1311 et
1181 1282 1304 1319 publica
1321 1281 1575 1311 administrabant
1585 1291 1638 1320 per
1651 1283 1711 1313 Pu-

999 1329 1125 1360 tronum,
1147 1334 1236 1362 quern
1260 1325 1298 1353 de
1327 1324 1447 1353 civibus
1472 1325 1710 1356 Atheniensibus

998 1367 1112 1405 eligere
1134 1367 1217 1406 Lege
1237 1367 1431 1405 jubebantur.
1464 1367 1555 1397 Petit.
1582 1369 1611 1397 in
1633 1370 1710 1408 Leg.

999 1410 1063 1438 Att.
1080 1409 1100 1438 l.
1118 1409 1149 1438 ii.
1197 1410 1265 1439 Vox
1281 1407 1420 1448 ἐμβαίνειν
1443 1410 1556 1449 saepius
1571 1411 1710 1441 absolute

997 1452 1131 1488 positum
1160 1452 1335 1482 iuvenitur:
1367 1452 1412 1481 sic
1435 1452 1512 1482 infra
1534 1453 1560 1492 §.
1585 1453 1620 1482 ιὲ.
1651 1454 1709 1483 Οὔκ

997 1492 1206 1534 ἐμβησόμεθα,
1230 1499 1264 1524 ut
1289 1505 1330 1524 ex
1353 1494 1451 1525 MStis
1472 1496 1710 1526 emendavimus.

998 1538 1140 1567 Momm.
1564 1540 1569 1544 “

1040 1581 1110 1614 Τοὺς
1139 1579 1300 1620 μετοίκους]
1331 1581 1400 1614 Τοὺς
1427 1579 1561 1622 Ἀθήνῃσι
1591 1580 1646 1619 μὲν
1671 1582 1710 1611 οἶ-

996 1623 1124 1658 κοῧντας,
1152 1625 1204 1657 τῆς
1230 1623 1258 1653 δὲ
1284 1624 1440 1657 πολιτείας
1465 1624 1494 1652 οὐ
1517 1622 1710 1666 μετέχοντας.

997 1666 1119 1696 Womr.

1038 1709 1110 1742 Τοὺς
1131 1708 1217 1748 χωρὶς
1232 1707 1386 1748 οἰκοῦντας]
1410 1709 1442 1738 S.
1464 1711 1519 1738 τῶν
1545 1709 1642 1748 ωςώην
1664 1709 1707 1739 δε-

995 1753 1118 1781 σποτῶν
1126 1750 1340 1791 ἀπελευθέρους,
1353 1751 1524 1786 libertinos,
1537 1752 1588 1790 qui
1599 1751 1708 1781 relicta

995 1794 1112 1832 patroni
1126 1793 1240 1823 familia
1249 1804 1336 1823 suum
1347 1794 1408 1832 ipsi
1421 1795 1575 1833 negotium
1589 1800 1707 1832 gerunt.

995 1837 1100 1866 IDEM.

1038 1880 1107 1912 Τοὺς
1136 1878 1222 1919 χωξῖς
1248 1879 1402 1920 οἰκοῦντας]
1436 1879 1566 1909 W'ollius
1592 1880 1703 1909 vertit:

996 1921 1141 1951 libertinos
1155 1922 1206 1961 qui
1219 1932 1302 1951 suam
1319 1923 1373 1960 ipsi
1387 1920 1639 1961 remjioniliarem
1654 1922 1707 1952 ad-

995 1965 1186 1994 ministrant:
1209 1975 1251 1993 sc.
1282 1965 1338 1993 sub
1365 1967 1418 1993 τῶν
1447 1964 1599 1994 δεσποτῶν.
1643 1966 1706 1994 Λιι-

995 2010 1079 2036 ctore
1096 2006 1361 2044 Harpocratione;
1382 2007 1419 2036 ad
1441 2016 1529 2045 quem
1546 2007 1704 2038 Valesius:

997 2050 1076 2078 “An
1104 2048 1206 2087 potius
1228 2055 1298 2078 sunt
1325 2049 1444 2085 rustici,
1460 2050 1512 2088 qui
1538 2060 1608 2080 rure
1623 2051 1705 2080 habi·

998 2097 1072 2126 tnnt,
1096 2090 1230 2132 χωξίται,
1255 2092 1427 2130 Hesychio,
1452 2093 1601 2131 Dionysio
1615 2093 1669 2123 lib.
1685 2094 1706 2123 i.

997 2144 1066 2173 pag.
1082 2137 1133 2164 68.
1159 2134 1224 2174 (cui
1241 2135 1399 2164 sententiae
1426 2136 1547 2165 accedit
1564 2136 1707 2166 Tourrel-

997 2176 1062 2216 lus)
1076 2188 1112 2206 an
1127 2177 1231 2215 potius
1247 2176 1324 2215 ξένοι,
1340 2177 1392 2216 qui
1408 2178 1540 2212 οἷκοῧντες
1553 2177 1708 2219 Ἀθήνῃσιν,

997 2220 1036 2249 de
1050 2220 1162 2258 quibus
1176 2221 1400 2250 Demosthenes
1415 2225 1520 2250 contra
1536 2222 1706 2260 Leptiuem,

998 2263 1048 2301 qui
1079 2263 1245 2301 scripserat
1271 2263 1382 2301 legem,
1413 2262 1519 2302 μηδένα
1545 2262 1614 2302 ξένον
1641 2262 1706 2293 εἶναι

997 2306 1097 2341 ἀτελῆ,
1112 2307 1155 2344 μή
1183 2303 1307 2345 διωςίζων
1327 2308 1380 2334 τῶν
1405 2305 1543 2334 otmarum
1560 2305 1706 2347 Ἀθήνῃσι,

997 2348 1077 2387 quod
1102 2348 1298 2388 reprehendit
1321 2358 1357 2377 eo
1380 2347 1483 2377 loco.'’
1526 2348 1574 2378 Cl.
1593 2349 1706 2378 Ezeeli.

997 2391 1198 2429 Spunheinius
1214 2391 1243 2419 in
1265 2391 1356 2420 Notis
1382 2391 1419 2419 ad
1444 2391 1604 2430 Aristoph.
1621 2392 1704 2421 Nub.

998 2443 1026 2462 v.
1045 2435 1117 2464 225.
1133 2434 1198 2463 hmo
1213 2433 1447 2472 interpretatur:
1466 2435 1517 2474 qui
1529 2440 1611 2464 extra
1627 2434 1705 2463 Acti-

996 2486 1058 2506 cum
1075 2476 1218 2506 habitant.
1242 2477 1385 2507 ΜουΝΤ.

1039 2520 1109 2553 Τοὺς
1124 2519 1209 2560 χωρὶς
1225 2519 1380 2560 οἰκοῦντας]
1397 2517 1515 2548 Liberti
1531 2519 1582 2558 qui
1593 2519 1706 2548 seorsim

996 2561 1176 2598 habitabant,
1192 2573 1209 2592 a
1231 2562 1420 2592 dominorum
1437 2561 1558 2591 familiis
1573 2560 1706 2596 dimissi,

996 2606 1102 2634 eodem
1126 2615 1192 2635 cuin
1224 2605 1377 2644 inquilinis
1397 2606 1467 2643 jure
1493 2604 1705 2638 censebantur,

995 2648 1136 2686 idemque
1163 2647 1310 2677 tributum
1333 2656 1473 2682 annuum,
1496 2645 1529 2675 τὸ
1557 2645 1707 2685 μετοίκιον,

995 2691 1102 2719 aerurio
1119 2691 1302 2729 pendebant.
1339 2689 1451 2729 (Petit.
1469 2690 1514 2718 11.
1531 2691 1560 2718 6.
1577 2693 1607 2718 et
1624 2689 1706 2718 Hur-

995 2743 1064 2771 poc.
1086 2733 1115 2762 in
1141 2731 1309 2772 μετοίκιον.)
1353 2732 1440 2762 Unde
1456 2731 1493 2761 ad
1509 2732 1615 2761 eadem
1631 2741 1706 2770 quo·

995 2785 1054 2813 que
1070 2785 1137 2804 cuni
1156 2776 1202 2805 liis
1225 2776 1327 2804 munia
1342 2774 1515 2813 praestanda
1531 2774 1706 2812 adiguntur.

993 2819 1115 2847 S'rocrt.

1035 2861 1104 2894 Τοὺς
1120 2858 1206 2900 χωςῖς
1230 2859 1383 2900 οἰκοῦντας]
1410 2861 1456 2888 De
1472 2860 1580 2889 horum
1596 2859 1705 2889 verbo-

994 2912 1056 2931 rum
1075 2913 1164 2931 sensu
1178 2902 1272 2931 multa
1286 2903 1341 2931 viri
1355 2902 1438 2932 docti
1451 2902 1607 2940 disputant
1621 2913 1629 2940 ;
1645 2911 1705 2938 ego

993 2945 1130 2983 intelligo
1159 2945 1197 2973 de
1227 2946 1396 2983 peregrinis
1425 2950 1513 2974 extra
1539 2946 1643 2974 urbem
1673 2948 1703 2972 et

992 2997 1095 3027 agrum
1108 2987 1241 3018 Atticum
1258 2988 1476 3018 habitantibus.
1498 2988 1576 3017 Vide
1589 2987 1624 3016 ad
1640 2987 1703 3016 haeo
