1824 3171
566 175 639 212 AD
670 173 1129 213 DEMOSTHENEM.
1401 174 1581 213 clxxxviii

127 277 318 316 interdum
340 284 467 315 tamen
494 276 607 313 etiam
636 275 842 314 admodum
864 276 1043 320 absurde,
1064 275 1103 311 in
1122 274 1249 312 media
1267 276 1471 314 sententia.
1494 289 1577 314 cre-

128 340 207 377 brae
226 339 330 383 alias,
352 338 443 375 alias
470 349 576 374 rarae.
605 337 743 375 breves
772 337 962 388 quaedam,
991 336 1075 374 aliae
1108 335 1371 385 longiusculae‚
1402 344 1445 374 ut
1475 349 1579 387 saepe

131 400 233 437 nulla
251 398 346 436 ratio
365 405 568 448 appareret
585 398 695 446 hujus
715 398 753 435 in
769 398 975 436 dividendo
992 397 1271 434 inconstantiae.
1329 397 1416 446 Ego
1437 404 1578 442 tamen,

129 468 171 498 ut
190 461 238 498 de
257 467 426 496 veterum
443 459 590 496 ratIOne
606 459 721 497 libros
743 459 945 497 Demosth.
967 458 1224 509 distinguendi
1243 457 1352 495 nobis
1369 464 1580 501 constaret,

127 520 330 558 servandas
349 527 464 570 atque
484 521 815 571 repraesentandas
835 521 909 559 hac
932 521 1099 558 editione
1119 532 1206 557 mea
1225 519 1318 556 duxi
1345 519 1427 556 illas
1449 519 1582 555 distin-

126 581 284 618 ctiones.
342 581 477 631 Itaque
503 582 830 632 paragrapliorum
860 582 977 627 initia,
1007 595 1092 632 quae
1122 588 1231 618 erant
1262 581 1299 617 in
1331 580 1467 618 codice
1495 580 1579 616 Au-

124 650 301 693 gustano,
319 643 495 692 designat
507 643 626 680 editio
641 652 772 681 nostra
785 646 810 694 †
831 644 1020 694 apposita,
1040 650 1080 680 ut
1091 641 1348 693 paragraphos
1365 639 1537 678 Bavarici
1553 640 1574 688 §

122 718 208 755 quae
233 712 322 742 sunt
345 705 416 742 illis
444 705 565 743 multo
594 705 768 743 rariores.
797 706 859 743 ubi
890 713 1054 756 uterque
1086 705 1212 742 codex
1240 702 1507 741 consentiebat
1537 702 1577 739 in

122 766 258 803 eadem
279 766 535 811 distinctione,
555 766 606 804 ibi
626 767 736 803 ambo
756 766 863 803 istaec
889 766 1000 817 signa
1019 765 1074 803 sic
1095 764 1270 816 copulavi
1287 765 1358 814 §†.
1412 762 1576 800 Scholiis

123 828 266 878 oppleti
287 835 396 865 erant
425 828 628 878 margines,
649 840 769 878 usque
790 828 839 865 ad
861 828 1157 866 Timocrateam.
1187 839 1275 863 nam
1303 824 1578 876 posterioribus

121 889 326 940 adspersae,
348 902 494 940 paucae,
513 896 552 927 et
570 902 594 926 a
611 902 709 927 nova
728 902 855 934 manu,
877 890 1068 940 scriptura
1095 888 1265 932 indocta,
1297 900 1384 937 quae
1403 886 1481 936 legi
1500 899 1579 923 non

121 957 265 1001 posset.
321 951 477 988 Scholia
496 950 581 988 haec
601 951 675 988 alia
694 951 732 987 in
752 951 954 1002 Ulpianeis
979 952 1173 1001 leguntur,
1195 949 1269 987 alia
1286 949 1326 987 in
1346 948 1404 985 his
1425 948 1577 986 deside-

121 1019 263 1050 rantur.
320 1011 455 1049 Edidit
484 1024 531 1049 ea
549 1011 728 1061 wolfius,
756 1012 827 1049 sed
852 1013 1016 1063 pessima
1045 1012 1136 1049 fide.
1194 1011 1271 1047 Pro
1301 1010 1427 1046 verbis
1455 1009 1578 1046 Scho-

117 1072 238 1109 liastae
258 1071 499 1118 alienissima,
519 1084 542 1109 a
567 1084 660 1109 sana
679 1072 827 1110 ratione
845 1079 882 1109 et
901 1073 948 1110 ab
967 1085 1037 1109 usu
1056 1072 1197 1121 linguae
1223 1070 1479 1114 abhorrentia,
1507 1083 1578 1120 pro

120 1133 257 1177 lubitu,
278 1133 371 1169 mira
391 1138 429 1169 et
448 1131 604 1168 immani
633 1132 802 1178 licentia,
822 1146 898 1169 non
918 1133 1063 1169 monito
1089 1132 1251 1175 lectore,
1281 1129 1452 1180 ingessit.
1473 1131 1579 1180 quod

119 1193 268 1230 facinus
289 1193 324 1230 ei
354 1206 432 1230 non
451 1193 625 1242 ignosco,
647 1193 799 1230 tametsi
816 1205 974 1242 operam
996 1190 1249 1229 Demostheni
1265 1191 1312 1228 ab
1333 1203 1379 1228 eo
1398 1198 1577 1229 navatam

118 1254 247 1304 magni
271 1253 385 1292 facio.
442 1254 520 1290 Vix
555 1261 650 1304 puto
684 1267 917 1304 quemquam
944 1253 985 1290 in
1019 1253 1139 1290 ullum
1173 1260 1372 1291 auctorem
1404 1260 1578 1291 veterem

118 1322 226 1353 tanta
255 1315 542 1366 importunitate
576 1322 792 1365 grassatum
825 1328 925 1365 esse,
958 1327 1008 1352 ne
1037 1314 1083 1353 P.
1115 1313 1327 1352 Castellum
1357 1313 1511 1364 quidem
1537 1314 1577 1351 in

121 1376 370 1414 Ammianum
391 1375 676 1422 Marcellinum,
697 1389 812 1427 quam
832 1383 1025 1427 grassatus
1046 1383 1105 1412 est
1124 1376 1239 1413 Wolf
1258 1375 1297 1412 in
1314 1375 1398 1413 haec
1418 1376 1576 1414 scholia.

119 1437 255 1476 Fidem
270 1437 388 1476 faciet
404 1438 524 1476 editio
543 1445 674 1476 nostra
691 1452 753 1476 me
781 1452 862 1476 rem
881 1438 1051 1476 oratione
1071 1451 1149 1475 non
1165 1450 1416 1488 exaggerare.
1456 1438 1577 1476 Nulla

117 1499 171 1537 ibi
201 1499 415 1537 orationum
444 1507 685 1551 argumenta,
712 1500 782 1537 nisi
814 1500 853 1537 in
874 1499 1131 1551 Olynthiacis‚
1162 1512 1324 1550 quorum
1350 1498 1576 1536 varietatem

118 1569 277 1600 enotare
296 1561 484 1600 festinans
516 1562 657 1600 oblitus
687 1575 785 1600 sum.
841 1562 930 1599 Iota
959 1561 1065 1612 quod
1089 1574 1159 1599 nos
1192 1559 1479 1605 subscribimus,
1508 1560 1574 1598 ille

119 1625 368 1674 Augustanus
393 1637 544 1675 semper
562 1624 682 1662 habet
701 1624 822 1661 literae
850 1624 901 1661 ad
929 1623 1027 1661 latus
1046 1623 1295 1674 adscriptum,
1313 1628 1355 1659 ut
1374 1634 1409 1660 e.
1430 1635 1463 1658 e.
1482 1620 1574 1668 βου-

115 1688 193 1730 λῆι,
217 1687 366 1734 α’γορᾶι,
386 1687 571 1735 ζημιωθῆι,
587 1685 690 1722 unde
716 1685 921 1722 multarum
941 1684 1166 1722 mendarum
1187 1683 1294 1733 origo
1313 1689 1442 1734 potest
1460 1682 1579 1733 expli-

116 1746 209 1784 cari.
268 1746 587 1797 Supplementum
606 1746 699 1783 illud
718 1746 757 1783 in
779 1745 1014 1797 Philippicis,
1034 1745 1136 1796 quod
1159 1745 1199 1782 in
1220 1745 1317 1782 libro
1344 1743 1573 1782 variantium

117 1808 427 1859 supplementum
461 1809 566 1858 Aug.
602 1808 714 1859 primi
747 1808 940 1859 appellare
972 1807 1092 1853 soleo,
1123 1806 1308 1858 scriptum
1340 1813 1424 1844 erat
1453 1805 1573 1844 literis

114 1870 235 1907 multo
254 1869 534 1915 minutioribus,
566 1870 806 1908 creberrimis
836 1869 1085 1920 compendiis,
1113 1868 1316 1920 pallidiore
1341 1874 1570 1914 atramento,

113 1930 153 1968 in
172 1931 401 1969 membranis
420 1931 541 1968 multo
567 1931 800 1969 tenuioribus
829 1937 869 1968 et
897 1930 1199 1976 candidioribus,
1221 1943 1335 1981 quam
1355 1936 1464 1966 erant
1483 1928 1572 1966 reli·
1602 1952 1605 1954 -

114 2006 217 2043 quae.
242 2005 332 2030 nam
358 1993 607 2038 membranae,
628 2007 715 2044 quae
744 1998 948 2043 supersunt
976 2005 999 2030 a
1016 1999 1170 2030 vetusta
1196 2005 1313 2029 manu
1344 1990 1572 2040 conscriptae

113 2061 204 2092 sunt
235 2053 439 2092 crassiores
470 2061 510 2092 et
540 2055 723 2092 subflavae
751 2067 774 2092 a
792 2061 998 2092 vetustate.
1019 2060 1211 2091 commata
1235 2053 1340 2090 nulla
1368 2058 1466 2098 sunt,
1499 2051 1570 2089 sed

112 2115 254 2166 ubique
287 2122 448 2166 puncta,
473 2122 515 2152 ut
542 2115 582 2153 in
610 2116 803 2167 plerisque
831 2115 947 2153 codd.
970 2114 1077 2151 mstis
1097 2127 1193 2165 quos
1218 2114 1308 2151 vidi.
1341 2113 1569 2164 plerumque

113 2175 182 2214 dat
201 2175 375 2225 ’γίνεσθαι
393 2189 464 2228 pro
494 2176 713 2225 γίγνεσθαι,
733 2177 858 2215 πάντα
878 2189 948 2228 pro
974 2176 1140 2215 ἅπαντα.
1159 2175 1353 2224 γινώσκειν
1371 2187 1441 2226 pro
1461 2188 1568 2224 γιγν.

110 2302 181 2338 αἰεὶ
206 2312 277 2350 pro
300 2301 371 2338 ἀεί.
428 2299 664 2338 Paucissima
691 2299 922 2352 compendia
953 2299 1162 2352 scripturae,
1182 2306 1226 2338 ut
1251 2315 1278 2337 ω
1296 2310 1367 2350 pro
1387 2293 1417 2336 ὦ
1439 2297 1567 2349 ἄνδρες

111 2424 291 2463 δικασταί·
308 2440 334 2460 ω
360 2436 428 2474 pro
457 2420 485 2461 J,
505 2423 632 2473 ἄνδρες
649 2423 836 2471 ἀθηναῖοι.
855 2423 1142 2463 terminationes
1162 2440 1213 2461 ων
1231 2429 1270 2461 et
1301 2439 1365 2466 ους
1393 2429 1434 2460 et
1462 2438 1508 2464 ας
1529 2427 1569 2458 et

110 2485 195 2523 aliae
215 2485 356 2523 similes
386 2497 489 2535 saepe
517 2486 753 2535 compendiis
782 2493 1080 2537 repraesentatae.
1114 2485 1260 2524 scholia
1279 2492 1415 2524 contra
1441 2490 1566 2521 scate-

111 2547 204 2585 bant
223 2546 471 2597 compendiis,
494 2553 533 2584 et
561 2553 670 2584 erant
689 2547 795 2585 lectu
825 2547 1058 2585 difficillima.
1079 2547 1183 2585 unde
1203 2559 1399 2598 nunquam
1418 2558 1479 2582 me
1500 2558 1566 2582 ex-

111 2608 354 2658 pedivissem,
382 2607 454 2644 nisi
485 2606 616 2645 Simon
651 2608 847 2647 Fabricius
877 2608 1060 2659 praeisset,
1088 2609 1150 2646 cui
1174 2608 1312 2653 debeo,
1341 2608 1445 2659 quod
1474 2607 1565 2645 istos

112 2668 287 2706 mirificos
324 2669 463 2706 ductus
502 2668 690 2707 extricare
728 2670 932 2721 potuerim.
988 2670 1207 2708 Fabricium
1242 2670 1359 2715 hunc,
1398 2669 1564 2720 quisquis

112 2729 197 2775 fuit,
226 2743 340 2780 quem
367 2731 536 2781 aliunde,
555 2731 626 2768 nisi
654 2744 724 2782 per
746 2732 941 2777 Wolfium,
960 2745 1039 2770 non
1057 2732 1157 2778 novi,
1185 2744 1344 2770 necesse
1364 2738 1422 2769 est
1444 2730 1566 2768 homi-

114 2803 204 2827 nem
229 2792 367 2836 fuisse⁷
383 2792 555 2835 doctum,
577 2800 616 2830 et
643 2806 796 2839 navum,
823 2801 863 2831 et
894 2793 1029 2838 fidum,
1051 2801 1091 2831 et
1117 2793 1277 2832 mirifice
1295 2794 1470 2832 laborum
1499 2804 1567 2841 pa-

116 2851 286 2890 tientem.
343 2853 422 2891 Sed
441 2853 569 2891 fructu
598 2854 776 2892 laborum
797 2862 836 2893 et
860 2869 948 2893 eum
974 2863 1013 2893 et
1041 2869 1111 2893 nos
1129 2855 1322 2893 fraudavit
1350 2853 1478 2891 Wolfii
1499 2853 1566 2889 ‹le-

116 2912 270 2959 mentia,
291 2913 354 2964 qui
379 2914 417 2951 in
437 2915 589 2954 schedis
610 2916 774 2955 Fabricii
795 2930 864 2969 pro
883 2917 1008 2955 lubitu
1028 2918 1203 2965 mutavit,
1224 2915 1394 2967 ingessit,
1415 2923 1566 2952 trunca-
