1824 3171
566 172 645 210 AD
678 169 1145 210 DEMOSTHENEM.
1492 171 1602 209 clxxi

136 280 221 333 quiis
240 278 345 331 legit.
361 282 498 330 quotus
513 274 676 327 quisque
695 281 754 314 est
773 285 944 327 graecum
961 273 1029 326 qui
1045 274 1153 325 legat
1165 272 1184 310 Ρ
1204 272 1347 310 nedum
1368 279 1410 310 ut
1428 272 1600 313 latinum.

139 343 294 394 Ulpiani
312 349 378 380 tua
395 339 512 378 latina
529 337 795 390 interpretatio
815 349 970 390 prorsus
987 337 1055 376 illa
1074 343 1146 383 est,
1167 347 1283 387 quam
1301 340 1492 373 nostrates
1510 349 1600 387 pro-

135 404 267 442 verbio
287 406 451 451 Jactant,
473 399 606 452 quinta
626 412 761 439 currus
778 398 896 439 rota?
935 398 1068 438 Labor
1097 397 1289 437 incassum
1316 403 1508 448 peractus,
1530 410 1599 435 cu-

130 469 195 514 jus
216 476 329 502 nemo
349 462 417 501 tibi
447 462 588 514 gratias
615 462 747 501 habet.
805 463 881 500 Pro
901 461 974 500 ista
992 458 1306 512 interpretatione
1324 458 1471 496 bonum
1498 471 1598 508 grae-

135 540 222 565 cum
256 525 422 563 indicem
456 524 710 571 condidisses,
744 523 957 563 addidisses
988 522 1354 575 Harpocrationem,
1387 527 1456 559 aut
1492 520 1598 558 aliud

130 587 235 638 quod
249 587 479 626 rhetoricum
499 586 652 625 lexicon
670 585 873 633 ineditum,
896 586 1122 638 digessisses
1141 585 1255 623 istam
1275 591 1379 622 tuam
1400 581 1597 621 horridam

130 655 171 686 et
189 649 428 687 inconditam
449 649 597 700 sylvam
617 648 843 687 variantium
865 655 904 687 et
923 648 1229 692 annotationum,
1245 653 1285 685 et
1305 644 1536 684 concinnum
1555 644 1597 681 in

127 709 300 749 ordinem
317 708 557 761 redegisses3
586 710 708 748 multo
724 710 779 748 sic
794 713 979 759 majorem
1000 709 1163 760 gratiam
1180 721 1203 746 a
1217 707 1428 746 lectoribus
1443 705 1595 752 misses,

125 777 167 809 et
182 772 301 811 multo
316 772 453 811 melius
473 785 603 810 eorum
622 770 833 810 commodis
847 771 1094 823 providisses.
1127 770 1231 808 Vitio
1246 770 1324 808 hoc
1338 780 1493 819 quoque
1510 766 1594 805 dari

128 832 271 871 Wolfio
281 836 368 882 jure
387 840 530 884 potest,
552 832 670 884 quod,
692 845 810 883 quum
829 832 1068 872 decrevisset
1087 831 1307 875 editionem,
1327 842 1407 867 non
1426 828 1595 880 aliquam

124 895 373 933 vetustiorem
392 894 558 933 fideliter
585 894 766 941 reddere,
787 894 856 933 sed
877 894 1187 933 Demosthenem
1215 892 1266 931 ad
1284 897 1453 930 mentem
1484 903 1594 928 suam

123 956 388 1002 constitutum,
408 969 431 994 a
455 969 497 995 se
524 956 777 995 reformatum
806 955 910 1003 dare,
938 954 1295 1007 praestantissimum
1325 959 1456 990 tamen
1486 952 1595 990 codi-

123 1030 212 1056 cem
236 1025 388 1064 mstum,
411 1032 526 1069 quem
550 1017 653 1056 domi
672 1031 782 1069 paene
812 1031 893 1056 suae
912 1017 1090 1063 haberet,
1109 1016 1147 1053 in
1165 1016 1259 1053 urbe
1277 1014 1432 1066 quidem
1451 1027 1533 1060 sua,
1550 1013 1590 1051 in

122 1079 357 1118 bibliotheca
377 1080 485 1131 Aug.
506 1079 602 1130 reip.
629 1080 680 1118 ad
709 1092 824 1131 quam
855 1079 1133 1117 bibliothecam
1163 1077 1234 1128 ipsi
1268 1077 1396 1115 aditus
1421 1083 1588 1127 pateret,

121 1153 199 1178 non
218 1141 466 1186 consuluerit,
496 1140 565 1178 sed
593 1140 699 1192 prius
730 1140 1002 1179 excudendum
1034 1139 1188 1178 dederit
1218 1152 1330 1176 suum
1350 1138 1590 1176 Demosthe-

120 1214 223 1248 nem,
246 1210 286 1240 et
304 1209 384 1240 turn
405 1203 560 1240 demum
590 1203 768 1241 absoluta
794 1202 1045 1254 impressione
1069 1200 1260 1240 curaverit
1279 1200 1387 1237 illurn
1407 1200 1588 1238 codicem

116 1264 165 1302 ab
185 1264 260 1302 alio
291 1264 470 1303 conferri.
527 1263 631 1303 Nam
657 1265 761 1315 prius
789 1265 895 1302 illam
923 1264 1168 1303 collationem
1201 1275 1285 1301 esse
1316 1262 1457 1300 factam
1478 1261 1585 1300 nullo

118 1333 273 1365 constat
292 1326 452 1373 indicio,
468 1339 557 1365 cum
572 1327 662 1365 anni
683 1334 787 1365 notae
803 1327 930 1365 desint
951 1327 1099 1378 utrique
1120 1324 1306 1377 epistolae,
1322 1331 1402 1362 tam
1420 1322 1586 1362 Simonis

117 1388 279 1426 Fabricii
297 1389 348 1427 ad
367 1387 569 1435 Wolfium,
585 1402 700 1439 quam
713 1389 920 1427 Wolfianae
937 1389 1005 1440 illi,
1026 1388 1088 1426 cui
1105 1388 1179 1426 ista
1194 1386 1425 1425 Fabriciana
1442 1385 1586 1424 inserta

114 1456 185 1488 est.
242 1450 371 1489 Possit
386 1450 485 1488 adeo
502 1451 618 1501 paulo
634 1451 719 1500 quis
734 1451 973 1501 suspicacIOr
987 1451 1118 1489 venire
1133 1450 1172 1487 in
1187 1450 1291 1488 illam
1306 1447 1581 1500 suspicionem,

114 1511 300 1550 Wolfium
315 1512 449 1563 utique
468 1525 579 1549 usum
599 1511 718 1549 fuisse
740 1512 878 1550 codice
897 1513 963 1550 illo
978 1513 1210 1562 Augustano
1231 1511 1270 1549 in
1289 1508 1583 1549 conscribendis

113 1573 191 1612 suis
211 1573 537 1620 annotationibus,
558 1573 624 1624 qui
642 1574 764 1611 multa
782 1587 851 1625 pro
873 1574 950 1612 suis
980 1573 1213 1621 conjecturis
1242 1572 1394 1621 prodat,
1427 1584 1514 1622 quae
1542 1572 1584 1608 in

111 1635 178 1674 illo
205 1635 342 1674 codICe
370 1635 576 1686 leguntur3
604 1647 835 1687 quamquam
861 1649 935 1686 ego
961 1634 1142 1685 equidem
1170 1632 1295 1670 virum
1325 1632 1514 1683 optimum
1534 1646 1583 1671 ea

110 1696 254 1736 invidia
281 1696 531 1746 injustissima
561 1709 725 1735 onerare
754 1697 884 1744 nolim,
912 1703 954 1734 ut
969 1695 1178 1748 plagiarius
1197 1694 1404 1732 habeatur.
1463 1694 1581 1746 Saepe

110 1759 203 1796 mihi
222 1766 410 1799 venerunt
430 1759 468 1797 in
488 1765 658 1797 mentem
688 1760 940 1810 conjecturae,
961 1771 1057 1811 quas
1085 1755 1335 1809 postmodum
1362 1755 1402 1793 in
1432 1756 1582 1795 codici-

110 1821 182 1859 bus
204 1821 309 1859 mstis
329 1820 468 1872 reperi.
498 1821 572 1872 (Ut
590 1834 714 1872 nuper
728 1821 767 1859 in
784 1821 969 1868 Aristide,
984 1820 1023 1858 in
1037 1832 1153 1872 quem
1169 1831 1264 1870 quas
1284 1818 1467 1857 octennio
1487 1825 1579 1857 ante

107 1882 395 1933 publicaveram
423 1886 665 1932 conjecturas
691 1895 811 1930 meas,
835 1896 968 1922 earum
993 1889 1146 1934 partem
1173 1881 1290 1932 longe
1315 1880 1526 1919 maximam
1554 1894 1579 1920 a

109 1944 310 1982 codicibus
328 1944 570 1996 Augustanis
590 1953 629 1984 et
646 1946 855 1993 Bavaricis‚
884 1943 1204 1984 emendatissimis
1233 1950 1274 1982 et
1294 1942 1462 1995 optimis,
1482 1955 1576 1982 con-

107 2004 294 2044 firmatam
315 2006 566 2057 deprehendi,
584 2020 672 2045 cum
698 2007 855 2058 gaudio,
880 2014 921 2045 et
941 2020 1010 2058 spe
1035 2007 1137 2045 bona
1152 2006 1202 2043 de
1222 2018 1394 2044 mearum
1412 2004 1452 2043 in
1472 2018 1574 2056 gree-

108 2080 175 2105 cos
196 2075 377 2105 auctores
406 2068 778 2108 animadversionum
805 2068 974 2119 libellis.)
1032 2068 1120 2119 Ego
1139 2080 1231 2106 vero
1261 2067 1347 2105 illas
1373 2079 1450 2104 non
1480 2066 1574 2104 mihi

107 2130 295 2180 arrogavi,
316 2143 403 2181 quae
423 2129 514 2167 mihi
542 2143 631 2169 cum
661 2130 857 2169 codicibus
878 2143 1104 2169 communes
1124 2136 1235 2168 erant
1254 2127 1571 2175 demostheniciS‚

104 2191 175 2229 sed
194 2191 346 2242 lubens,
368 2198 407 2230 et
423 2199 536 2242 prout
549 2205 617 2243 par
635 2200 717 2230 erat
732 2200 848 2244 atque
867 2205 1034 2243 aequum,
1055 2192 1257 2243 gloriolam
1279 2203 1444 2238 omnem,
1465 2204 1572 2242 quae-

103 2267 256 2307 cunque
272 2262 343 2300 est,
363 2254 512 2293 auctori
531 2268 616 2301 suo,
639 2255 766 2294 codici
791 2255 1066 2306 manuscripto,
1093 2254 1159 2292 ubi
1185 2265 1417 2305 repereram,
1445 2259 1571 2291 trans-

103 2316 248 2367 scripsi.
293 2316 509 2367 Supersunt
535 2316 627 2354 mihi
646 2316 708 2354 vel
736 2316 789 2354 sic
809 2329 965 2368 quoque
994 2328 1154 2354 numero
1183 2314 1359 2367 plurimae
1385 2313 1568 2353 emenda-

101 2379 239 2424 tiones,
258 2391 419 2429 quarum
440 2378 562 2428 gloria
579 2377 810 2417 inventionis
825 2378 917 2416 mihi
932 2377 1100 2429 propria,
1117 2390 1204 2416 cum
1223 2376 1379 2415 nemine
1393 2389 1567 2415 commu-

102 2438 172 2485 nis,
192 2446 334 2477 manet.
390 2439 582 2479 Universe
610 2440 729 2478 nimia
752 2439 946 2478 festinatio
972 2440 1074 2477 bono
1094 2438 1239 2477 Wolfio
1268 2437 1405 2476 obfuit.
1463 2438 1565 2476 Tur-

102 2501 262 2540 bulente
292 2501 418 2539 omnia
443 2508 483 2539 et
501 2502 737 2553 praecipitate
758 2502 848 2553 egit.
906 2502 1063 2540 Profert
1079 2501 1195 2539 Wolf
1205 2513 1360 2553 quoque
1379 2507 1565 2550 tanquam

100 2561 254 2601 inventa
271 2575 352 2609 sua,
374 2563 573 2609 lectiones,
591 2577 677 2614 quae
694 2565 775 2614 jam
797 2563 942 2601 dudum
963 2571 1053 2602 ante
1073 2563 1112 2602 in
1132 2562 1408 2601 vetustioribus
1428 2561 1564 2615 editio-

99 2623 211 2662 nibus
240 2625 485 2675 legebantur.
555 2625 714 2664 Scilicet
735 2639 813 2664 non
842 2626 1012 2665 habebat
1031 2626 1070 2664 in
1091 2626 1234 2665 chartis
1254 2625 1439 2664 ordinatis
1459 2626 1559 2664 benc

100 2684 298 2736 dispositas
324 2687 534 2725 lectionum
559 2687 789 2733 varietates3
818 2701 893 2739 quo
918 2688 1078 2734 factum,
1105 2696 1148 2726 ut
1175 2687 1377 2734 lectiones,
1405 2700 1500 2738 quas
1519 2687 1560 2724 in

100 2745 225 2796 aliqua
250 2747 459 2787 vetustiore
498 2748 666 2788 editione
700 2749 871 2800 legisset,
907 2750 1161 2788 adhaesissent
1194 2749 1404 2795 memoriae,
1434 2749 1558 2795 locus,

100 2808 165 2846 ubi
184 2809 352 2859 legisset,
374 2811 600 2856 effluxisset3
629 2818 671 2849 ut
700 2812 771 2850 sibi
789 2811 984 2850 videretur
1002 2826 1071 2850 suo
1091 2819 1211 2850 marte
1229 2812 1434 2858 invenisse,
1451 2810 1555 2861 quod

99 2870 284 2908 memoria
311 2873 560 2922 suggerebat.
601 2874 695 2911 Post
725 2874 827 2911 illam
850 2874 979 2911 Wolfii
1009 2874 1057 2912 ad
1076 2873 1287 2912 Eusebium
1308 2872 1555 2924 Episcopium

99 2931 301 2982 epistolam
327 2942 537 2984 sequuntur
559 2934 729 2983 ejusdem
754 2942 831 2974 tres
851 2936 1116 2974 dedicationes
1146 2936 1313 2987 priorum
1342 2932 1552 2971 editionum
