1824 3171
173 117 277 155 cxxii
493 119 564 158 10.
596 120 850 158 TAYLORI
883 120 1320 161 PROLEGOMENA

174 219 331 259 volebas
359 222 534 273 exempla
566 236 794 262 coacervare
831 225 1025 262 nominum
1061 226 1338 270 Romanorum,
1372 237 1459 262 cum
1495 223 1633 275 quibus

174 281 296 319 tribus
326 295 478 334 quoque
508 298 586 323 una
603 286 738 323 fuisset
763 292 957 330 annotata,
986 294 1137 336 poteras
1165 299 1215 324 ex
1248 287 1439 324 indicibus
1461 284 1631 330 Gruteri,

176 341 361 390 Reinesii,
395 345 580 393 Fabretti,
615 347 830 392 Mur-atoni,
865 347 1025 385 aliorum
1058 355 1242 385 centenas
1270 348 1430 399 paginas
1460 347 1634 397 implere.

179 404 236 442 At
265 405 326 442 cui
347 407 473 444 bono?
502 415 584 444 tum
610 408 641 445 si
668 408 782 459 δῆμος
812 410 940 453 curiae,
961 421 1038 445 non
1071 408 1184 446 tribui
1207 409 1394 446 Romanae
1413 406 1634 459 respondet,

176 465 269 515 quid
285 467 471 505 attinebat
485 481 630 506 morem
647 470 821 507 Atticum
839 483 926 508 cum
940 470 1116 507 Romano
1133 470 1386 521 componere?
1405 469 1524 507 Attici
1540 480 1638 505 nun-

176 539 290 578 quam
324 529 444 566 tribus
472 543 613 568 nomen
641 531 838 570 addebant
864 532 933 569 viri
960 531 1115 577 nomini,
1146 532 1215 569 sed
1240 531 1478 570 solummodo
1508 529 1637 568 curiae.

178 596 313 627 contra
334 590 499 628 Romani
519 605 712 643 nunquam
733 594 864 639 curiae,
882 593 952 632 sed
971 606 1124 644 semper
1141 593 1296 642 tribus]

229 654 268 690 5.
297 651 537 702 Δημοσθένης
556 653 835 705 Δημοσθένους.
865 655 977 693 Lect.
998 655 1091 706 Lys.
1114 668 1147 692 c.
1165 656 1211 694 5.
1232 654 1282 693 N.
1315 653 1374 706 [id
1401 660 1458 693 est
1477 653 1635 699 Noster,

180 725 249 750 seu
270 713 581 766 Demosthenes]
612 728 645 754 c.
668 716 848 754 Boeotum
866 717 1076 759 Ἱππόνικος
1096 717 1281 755 Καλλίου.
1314 716 1465 754 Fabric.
1494 715 1639 754 Biblio-

177 775 314 825 graph.
337 775 471 826 Antiq.
501 790 539 827 p.
560 779 652 818 597.
695 779 747 816 At
773 779 874 817 enim
894 779 1006 818 multi
1026 778 1235 816 Lesbonici
1259 786 1361 816 sunt.
1390 778 1460 816 nisi
1489 790 1632 816 nomen

178 836 296 886 patris
316 836 435 882 dices,
456 850 533 875 non
548 845 760 878 monstrare
775 854 930 892 possum
951 841 1043 878 istos
1064 840 1250 885 homines,
1268 853 1363 890 quos
1383 848 1423 877 tu
1442 839 1634 889 quaeritas.

178 897 305 935 Plaut.
328 898 500 936 Trinum.
531 899 622 937 item
643 902 884 940 Menaechm.
905 902 1056 953 prolog.
1095 901 1178 939 Nos
1206 902 1256 938 ad
1284 914 1449 939 marmor
1477 900 1638 938 Sandvi-

176 972 305 997 cense.
337 960 486 999 Corsin.
510 961 657 1000 dissert.
680 964 729 1002 V.
755 964 804 1001 N.
827 970 963 1002 contra
981 964 1161 1001 Boeotum
1181 963 1230 1001 de
1250 963 1416 1001 nomine.

233 1024 272 1059 6.
289 1020 412 1059 Noms
429 1022 478 1060 de
491 1023 655 1061 Guerre.
672 1025 860 1068 Βάταλος.
878 1026 1070 1076 Harpocr.
1086 1025 1285 1063 Plutarch.
1301 1026 1484 1063 Clemens
1500 1028 1538 1064 3.
1553 1025 1640 1062 Pae-

179 1082 267 1133 dag.
285 1086 321 1122 3.
354 1084 514 1123 Photius
535 1086 634 1124 Bibl.
657 1100 693 1137 p.
713 1090 805 1126 816.
841 1087 1040 1125 Libanius.
1063 1087 1316 1125 Phavorinus.
1347 1087 1535 1125 Brodaeus
1563 1086 1641 1124 Mi-

177 1145 286 1182 scell.
302 1145 331 1183 I.
348 1148 412 1184 20.
430 1147 561 1185 AEsch.
579 1161 613 1185 c.
629 1148 824 1187 Timarch.
841 1163 879 1200 p.
895 1152 960 1187 56.
975 1152 1041 1188 58.
1058 1149 1119 1186 ed.
1136 1161 1246 1186 novae
1262 1149 1511 1200 [Tayloranae
1527 1146 1638 1199 puta]

177 1206 305 1243 Schol.
322 1206 370 1244 ad
389 1207 465 1245 loc.
478 1208 520 1247 it.
538 1221 573 1247 c.
592 1208 766 1260 Ctesiph.
784 1217 823 1246 ot
850 1227 890 1247 π.
907 1226 1079 1261 παραπρ.
1096 1210 1214 1248 Dem.
1230 1222 1298 1260 pro
1314 1222 1468 1247 corona.
1501 1209 1641 1246 Suidas

175 1268 216 1305 in
235 1269 441 1313 Βάτταλος.
485 1270 653 1322 Etymol.
670 1271 729 1309 M.
767 1271 900 1309 Schol.
923 1272 1112 1322 Hermog.
1131 1285 1168 1322 p.
1186 1274 1276 1310 408.
1298 1270 1490 1319 Βάταλον]
1521 1271 1638 1322 φλύα-

177 1333 242 1382 ρόν
262 1332 363 1370 ἐστιν
383 1332 503 1384 ὄνομα
523 1335 697 1380 αὐλητοῦ.
754 1334 911 1384 Ulpian.
941 1334 992 1372 ad
1017 1350 1059 1372 π.
1092 1343 1191 1385 στεφ.
1221 1346 1260 1372 n.
1291 1335 1382 1372 321.
1413 1333 1476 1371 ed.
1511 1331 1635 1370 Paris.

179 1393 281 1436 Quia
301 1393 447 1431 Noster
469 1394 621 1444 gracilis
641 1402 681 1433 et
698 1394 911 1433 imbecillis.
968 1395 1158 1442 Battalus‚
1185 1394 1329 1432 tibicen
1360 1401 1432 1432 τῶν
1460 1395 1639 1442 κατεαγό-

179 1473 264 1494 των.
321 1456 468 1494 Fabula
488 1456 733 1507 Antiphanis.
753 1457 952 1496 Plutarch.
985 1457 1229 1508 Antiphanes
1261 1458 1423 1502 αὑλητὴς
1449 1466 1640 1492 memora·

175 1525 238 1555 tur
258 1518 306 1555 ab
325 1517 532 1556 Athenaeo.
590 1518 765 1556 Battalus
785 1526 902 1570 poeta
920 1519 1044 1557 mollis
1066 1526 1105 1557 et
1118 1526 1333 1570 protervus.
1376 1516 1545 1563 Βάκηλος
1564 1529 1639 1567 pro

179 1586 344 1617 castrato
374 1586 412 1617 et
444 1579 602 1618 asiatico
634 1580 751 1632 gallo,
782 1581 887 1631 apud
918 1580 1127 1632 Phrynich.
1197 1580 1394 1622 Βάτταλος
1426 1579 1641 1616 membrum

180 1642 407 1679 obscoenum
429 1642 627 1681 Plutarch.
671 1642 907 1681 Adversaria
922 1643 1074 1681 Nostra.
1131 1641 1295 1680 Lucian.
1311 1641 1397 1679 adv.
1417 1640 1637 1679 Indoctum.

181 1703 437 1741 Athenienses
460 1704 695 1752 γυναικώδεις
725 1711 764 1742 et
793 1705 957 1742 eviratos
987 1703 1143 1742 Batalos
1178 1705 1225 1741 ab
1260 1704 1443 1741 obseoeno
1471 1703 1640 1755 quodam

179 1765 338 1804 tibicine
358 1773 397 1803 et
415 1765 613 1811 histrione,
629 1766 691 1804 eui
710 1779 850 1804 nomen
871 1766 1046 1818 Batalus‚
1060 1766 1125 1816 qui
1143 1765 1285 1816 primus
1301 1765 1481 1803 sandaliis
1501 1773 1540 1803 et
1556 1778 1641 1802 mu-

180 1827 365 1865 liebribus
384 1827 622 1865 vestimentis
637 1827 673 1866 in
692 1842 849 1867 scenam
865 1828 1018 1880 prodiit.
1075 1827 1180 1865 Galli
1200 1826 1370 1864 retinent
1388 1827 1484 1865 illud
1499 1839 1642 1864 nomen

182 1896 222 1926 et
251 1896 390 1926 vocant
422 1889 613 1927 Bateleux.
675 1890 783 1929 Suid.
815 1905 851 1929 v.
880 1888 1172 1935 Βαταλίζεσὲαι.
1235 1888 1373 1940 Lysias
1409 1902 1443 1927 c.
1479 1889 1641 1940 Agorat.

189 1952 281 1988 Vere
312 1951 501 1988 Pertinax.
549 1951 624 1989 See
653 1953 789 2004 Upton
823 1966 872 1991 on
907 1953 1163 2004 Shakspeare.
1200 1951 1368 1988 Timaeus
1403 1951 1641 2001 EpitimaeuS.

188 2012 310 2051 Diod.
334 2012 412 2050 Sic.
446 2012 564 2050 Notae
577 2013 628 2051 ad
643 2014 871 2052 Midianam.
929 2014 1131 2065 Aristoph.
1154 2014 1229 2050 Av.
1249 2027 1285 2050 v.
1307 2013 1435 2050 Vitam
1453 2011 1641 2063 Lycurgi.

184 2075 233 2113 de
253 2075 377 2113 Laide
397 2089 432 2113 v.
463 2075 578 2113 etiam
607 2075 722 2114 vitam
743 2076 1034 2115 Demosthenis.
1089 2076 1194 2113 Vere
1216 2074 1400 2112 Pertinax
1420 2088 1455 2111 v.
1479 2074 1643 2112 Salmas.

184 2138 234 2176 ad
256 2137 435 2188 Inscript.
465 2137 645 2189 Regillae.
669 2139 791 2177 Erato
812 2139 993 2190 Apollon.
1027 2137 1156 2176 Rhod.
1187 2136 1295 2174 initio
1324 2135 1408 2173 libri
1427 2139 1465 2174 3.
1508 2135 1642 2187 Σαφῶς

186 2199 324 2249 Σιδηρὼ
354 2200 414 2235 καὶ
440 2202 601 2251 φέρουσα
629 2201 792 2249 τοῦνομα
824 2200 1038 2251 Sophocles
1070 2198 1173 2250 apud
1196 2197 1396 2235 Aristotel.
1419 2196 1582 2235 Rhetor.
1603 2199 1642 2235 2.

182 2263 247 2300 23.
265 2260 474 2298 Pentheus.
491 2261 607 2310 Ajax,
622 2261 811 2299 Analecta
828 2261 876 2299 T.
893 2262 926 2298 I.
947 2275 984 2311 p.
998 2264 1036 2300 6.
1077 2260 1144 2297 See
1165 2260 1223 2296 the
1243 2272 1360 2296 names
1375 2258 1420 2308 <ff
1432 2259 1491 2296 the
1511 2258 1644 2296 Ladies

183 2323 220 2360 in
240 2322 297 2359 the
320 2322 663 2373 13.ofAtl2enae1ts.
720 2323 839 2360 Dem.
870 2330 1008 2361 contra
1039 2322 1218 2360 Neaeram
1251 2319 1459 2372 Στροβὺλη,
1493 2323 1572 2359 νυνὶ
1602 2320 1642 2358 δὲ

184 2385 305 2424 Φανώ.
362 2384 411 2422 So
430 2398 452 2421 α
472 2385 610 2422 certain
641 2392 833 2423 courtezan
861 2399 932 2423 was
960 2385 1074 2422 called
1097 2383 1294 2433 Clepsydra
1312 2383 1384 2434 for
1403 2396 1424 2419 a
1440 2383 1643 2432 particular

181 2461 320 2493 reason,
341 2447 388 2498 οβ’
397 2448 506 2484 which
526 2461 581 2484 see
601 2449 809 2485 Athenoem.
866 2447 1057 2486 Aristides
1077 2445 1307 2497 cognomine
1327 2446 1352 2483 J
1358 2452 1475 2491 ustus,
1490 2444 1637 2482 Phocio

183 2511 327 2550 Bonus.
359 2510 513 2548 Cornel.
530 2510 629 2561 Nep.
646 2510 728 2548 Nos
749 2511 799 2548 ad
815 2510 974 2562 Lysiam
996 2510 1046 2547 de
1066 2508 1270 2560 Lysitheo.
1302 2507 1463 2545 Carolus
1483 2506 1528 2544 ad
1550 2506 1644 2544 Gel-

181 2573 288 2610 lium.
329 2572 487 2609 Imbrex
510 2572 672 2622 Tegula.
692 2586 727 2611 v.
745 2572 979 2610 Adversaria
998 2571 1154 2609 Nostra.
1209 2569 1496 2608 Demosthenes
1525 2569 1641 2607 etiam

182 2634 420 2672 Vertumnus
446 2633 714 2684 appellabatur
747 2647 770 2672 a
785 2634 974 2671 Diodoro.
995 2647 1030 2670 v.
1060 2632 1234 2670 Indicem
1254 2630 1369 2668 Wolf
1391 2630 1429 2667 in
1449 2644 1484 2667 v.
1502 2631 1641 2668 Diodo-

182 2710 259 2734 rus.
317 2695 481 2732 Proteus
501 2707 524 2732 a
545 2695 742 2745 Dionysio.
791 2695 950 2737 Quare?
979 2709 1013 2731 v.
1037 2693 1166 2731 Sehol.
1188 2693 1238 2730 ad
1259 2692 1474 2729 Midianam
1493 2705 1529 2743 p.
1548 2696 1640 2731 350.

183 2757 246 2795 ed.
263 2756 382 2795 Paris.
441 2755 582 2793 Noster
604 2759 769 2799 ποικίλος
791 2756 1017 2794 Scholiastae
1039 2753 1313 2804 Hermogenis.
1333 2767 1368 2790 v.
1388 2753 1500 2790 Fabr.
1523 2753 1569 2791 B.
1587 2753 1639 2792 G.

182 2818 343 2856 Malala.
382 2818 599 2867 Κονιορτός.
624 2822 800 2870 νυκτερίς.
859 2817 941 2855 Nos
955 2816 1004 2854 ad
1021 2816 1249 2854 Midianam.

230 2884 268 2922 7.
301 2880 469 2918 Pueritia
489 2886 527 2918 et
548 2880 823 2919 adolescentia.
872 2879 1054 2917 Meminit
1082 2878 1254 2930 pueritiae
1285 2891 1365 2916 suae
1397 2884 1525 2917 orator
1550 2877 1638 2916 loco
