1824 3171
191 128 266 153 cxx
496 115 571 154 10.
600 115 852 155 TAYLORI
884 117 1322 158 PROLEGOMENA

188 218 336 269 utrique
369 219 592 270 superstites
624 229 764 260 essent.
825 222 886 260 Ex
920 235 995 273 quo
1028 229 1196 273 apparet,
1232 235 1309 260 non
1343 220 1462 258 multo
1494 220 1638 272 plures,

188 292 302 329 quam
321 279 440 319 CCC.
460 294 580 320 annos
599 282 783 321 interesse
803 283 900 322 inter
925 290 1090 322 nostram
1117 291 1154 322 et
1176 282 1450 322 Demosthenis
1469 289 1638 320 aetatem.

189 341 346 379 Tacitus
370 343 419 380 de
449 344 674 382 oratoribus.
705 344 855 382 Gellius
883 345 969 382 XV.
999 348 1063 384 28.
1085 353 1124 383 et
1146 345 1275 382 XVII.
1299 348 1362 382 21.
1395 344 1459 380 ubi
1492 343 1546 380 sic
1575 343 1639 380 ait.

191 402 334 441 Postea
354 403 523 442 Macedo
546 405 784 451 Alexander,
805 406 989 456 pleraque
1017 413 1124 456 parte
1153 405 1327 443 orientali
1357 406 1529 448 subacta,
1550 416 1639 441 cum

189 475 308 502 annos
327 473 525 515 regnasset
545 466 738 511 undecim,
759 466 853 503 obiit
869 467 1000 504 mortis
1019 467 1135 504 diem.
1191 466 1333 516 Neque
1352 466 1402 502 ita
1417 465 1536 502 multo
1552 471 1641 515 post

191 525 419 563 Aristoteles
447 526 706 578 philosophus,
737 533 775 564 et
806 535 894 577 post
927 527 1121 577 quuanto
1157 527 1442 564 Demosthenes
1473 526 1551 563 vita
1572 525 1639 562 de-

187 584 309 623 functi
329 593 427 624 sunt.

242 642 280 676 2.
313 640 429 677 Pater
449 639 751 686 Demosthenes,
782 653 832 678 ex
862 654 1022 678 numero
1054 645 1127 679 τῶν
1155 644 1279 678 καλῶν
1308 638 1506 691 κᾴγαὲῶν.
1548 638 1640 676 Plu-

189 701 339 738 tarchus
364 714 412 739 cx
434 701 701 752 Theopompo.
730 705 824 754 ἀνὴρ
843 702 1034 753 ἐλεύθερος
1057 703 1257 741 JEschines
1285 702 1322 739 in
1345 701 1519 752 Ctesiph.
1541 700 1642 738 Tze-

189 770 270 799 tzes
291 762 391 800 Chil.
414 762 484 799 VI.
507 776 541 800 c.
563 765 626 803 37.
647 777 683 800 v.
715 763 913 801 Somnium
939 764 1101 802 Luciani
1122 779 1156 803 c.
1179 767 1216 805 7.
1247 778 1282 815 p.
1303 768 1342 803 9.
1372 764 1434 801 ed.
1459 764 1582 800 Amst.
1603 762 1642 798 in

191 827 277 861 Svo.
299 823 531 861 trierarchus
560 823 722 862 Lucian.
753 825 942 863 Encomio
971 826 1087 863 Dem.
1144 825 1394 863 Trierarchus
1422 824 1537 862 etiam
1558 823 1641 861 De-

190 885 410 922 mosthenes
438 884 536 921 filius
567 898 601 922 v.
634 885 788 936 Ulpian.
820 887 870 924 ad
899 886 1063 937 Philipp.
1094 888 1144 925 A.
1200 887 1356 938 Τι’μημα.
1385 885 1643 938 τριηραρχικὸν

191 945 359 983 conditio
381 944 546 982 Athenis
568 945 713 996 optima
732 953 772 984 et
793 946 1071 985 honestissima.
1102 947 1262 985 LucIan.
1294 947 1457 984 Encom.
1486 946 1645 999 Μαχαι-

191 1009 349 1058 ροποιός.
371 1005 569 1044 Plutarch.
593 1007 780 1045 Brodaeus
802 1008 970 1047 Miscell.
992 1010 1062 1046 IV.
1090 1013 1154 1048 26.
1177 1008 1339 1047 Lucian.
1364 1008 1526 1046 Rhetor.
1547 1020 1644 1059 pree-

192 1076 295 1120 cept.
316 1068 504 1107 Marcian.
521 1069 682 1119 Capella
697 1069 722 1107 l.
738 1073 776 1108 5.
795 1070 986 1121 Philolog.
1005 1071 1176 1108 AEschin.
1189 1088 1228 1108 π.
1244 1069 1480 1120 παραπρεσβ.
1502 1069 1646 1107 Noster

190 1138 324 1169 contra
358 1130 583 1181 Aphobum.
627 1130 779 1169 Suidas.
813 1131 943 1170 Valer.
978 1132 1052 1169 ΙΙΙ.
1082 1136 1120 1171 4.
1179 1134 1303 1175 Quem
1337 1139 1447 1182 pater
1478 1130 1644 1168 ardentis

190 1206 327 1230 massae
345 1191 507 1242 fuligine
533 1191 658 1242 lippus
680 1192 715 1229 A
735 1193 903 1230 carbone
923 1201 962 1231 et
990 1193 1200 1244 forcipibus
1229 1194 1456 1244 gladiosque
1484 1198 1643 1242 parante

189 1255 340 1292 Incude
362 1261 401 1291 et
420 1253 526 1291 luteo
545 1254 719 1291 Vulcano
740 1254 789 1291 ad
808 1255 964 1292 rhetora
985 1255 1095 1292 misit.
1151 1255 1330 1293 Juvenal.
1347 1253 1434 1292 Sat.
1458 1254 1508 1290 X.
1524 1267 1560 1290 v.
1577 1265 1643 1290 ve-

190 1325 293 1354 teres
311 1316 554 1366 interpretes.
586 1315 781 1353 Praeterea
802 1317 986 1368 quidquid
1015 1317 1212 1355 latiaribus
1234 1317 1367 1354 indere
1387 1315 1490 1354 libris
1515 1315 1644 1366 prisca

191 1386 286 1417 aetas
314 1377 473 1424 studuit,
499 1384 623 1415 totum
643 1390 869 1428 percurrere
890 1386 1033 1417 suetus.
1093 1380 1255 1417 Mantua
1270 1392 1363 1429 quas
1378 1379 1479 1416 acies
1497 1377 1643 1428 pelagi-

190 1454 265 1492 que
285 1440 457 1492 pericula
484 1439 585 1484 lusit,
609 1439 826 1490 Smyrnaeas
846 1441 992 1478 imitata
1011 1442 1145 1485 tubas3
1175 1453 1442 1492 quamcunque
1462 1438 1646 1490 loquendi

191 1503 361 1553 Arpinas
382 1502 449 1539 dat
477 1502 609 1539 consul
638 1514 765 1552 opem,
795 1502 876 1540 sine
905 1503 1042 1540 fraude
1071 1503 1225 1541 locutus
1253 1503 1378 1540 Fabro
1406 1501 1644 1552 progenitus.

190 1571 322 1616 spreto
334 1563 394 1602 cui
413 1570 520 1614 patre
536 1562 657 1613 polita
677 1563 849 1614 Eloquiis
869 1564 952 1615 plus
967 1564 1098 1615 lingua
1117 1565 1198 1602 fuit.
1257 1563 1435 1602 Sidonius
1456 1563 1584 1601 Carm.
1605 1565 1644 1600 2.

193 1627 284 1664 Non
302 1625 374 1663 isto
394 1624 520 1676 potior
539 1624 674 1662 fuisset
693 1625 796 1670 olim,
819 1626 893 1668 Qui
914 1626 1166 1664 Pandioniam
1192 1626 1372 1664 movebat
1401 1632 1482 1662 arte
1503 1624 1646 1662 Orator

192 1701 349 1726 caveam
370 1686 640 1731 tumultuosus,
666 1686 743 1724 Seu
768 1687 917 1725 luscum
946 1696 1144 1739 raperetur
1163 1688 1201 1724 in
1224 1688 1453 1738 Philippum,
1478 1686 1645 1724 Causam

191 1764 260 1789 seu
293 1748 552 1799 Ctesiphontis
581 1749 770 1794 actitaret,
802 1749 870 1786 Vir
900 1763 1052 1801 semper
1084 1750 1339 1801 popularitate
1366 1762 1557 1794 crescens,
1592 1747 1645 1785 Et

184 1815 291 1861 justo
316 1810 489 1848 residens
515 1809 554 1846 in
584 1822 673 1848 arce
691 1810 810 1856 fandi,
839 1811 915 1853 Qui
941 1811 1050 1849 fabro
1079 1812 1255 1862 genitore
1285 1817 1523 1862 procreatus,
1555 1809 1645 1847 Oris

191 1873 325 1911 maluit
345 1872 519 1923 expolire
537 1871 678 1909 limam.
710 1872 877 1910 Thomas
895 1873 1153 1911 Scholasticus
1175 1873 1330 1911 Anthol.
1352 1873 1419 1910 IV.
1440 1875 1504 1911 31.
1521 1872 1644 1923 epigr.

191 1939 228 1974 3.
246 1936 415 1987 ῥητορικὴ
434 1937 547 1986 φιλέω
570 1934 810 1972 Christodori
827 1935 865 1972 in
885 1936 1001 1973 Dem.
1022 1936 1098 1973 Καὶ
1113 1938 1313 1973 παιανιέων
1335 1935 1490 1972 Anthol.
1520 1935 1647 1976 Quam

190 2005 351 2035 matrem
374 1995 593 2046 Euripides,
616 2004 682 2033 aut
701 2010 815 2046 quem
847 2005 994 2048 patrem
1021 1997 1308 2035 Demosthenes
1331 1996 1520 2041 habuerit,
1546 1995 1646 2046 ipso-

191 2073 276 2097 rum
299 2071 451 2110 quoque
468 2058 596 2096 seculo
616 2058 789 2109 ignotum
807 2058 893 2097 fuit.
913 2059 1068 2097 alterius
1089 2068 1220 2097 autem
1242 2066 1398 2097 matrem
1417 2059 1534 2104 olera,
1551 2058 1646 2096 alte-

191 2122 269 2159 rius
288 2129 437 2172 patrem
457 2120 636 2158 cultellos
656 2120 886 2166 venditasse,
911 2121 1079 2159 omnium
1100 2135 1210 2172 paene
1231 2120 1429 2158 doctorum
1449 2120 1570 2157 literae
1589 2120 1645 2157 lo-

192 2193 374 2236 quuntur.
408 2185 478 2235 [Et
497 2184 597 2222 hanc
626 2185 746 2234 ipsam
766 2185 814 2221 ob
837 2197 994 2222 causam
1025 2184 1190 2221 decebat
1224 2191 1276 2227 te,
1306 2182 1486 2233 Taylore,
1515 2195 1645 2233 operae

191 2259 367 2299 parcere,
390 2245 545 2297 ineptae,
567 2245 701 2291 inutili,
721 2253 760 2283 et
783 2246 946 2291 miserae,
975 2245 1194 2283 testimonia
1214 2244 1449 2295 congerendi
1470 2245 1519 2282 dc
1546 2257 1588 2282 re
1607 2244 1647 2281 in

191 2310 327 2359 vulgus
344 2315 447 2353 nota,
465 2307 512 2345 de
526 2321 601 2358 qua
620 2320 734 2345 nemo
751 2307 914 2345 dubitat.
932 2313 971 2345 et
991 2321 1077 2358 quae
1099 2308 1129 2345 si
1149 2307 1377 2345 testimoniis
1397 2306 1565 2344 debebat
1584 2318 1647 2357 ap-

189 2370 350 2423 probari,
378 2377 531 2420 poterat
550 2369 660 2406 unius
681 2369 796 2406 Dem.
819 2369 977 2407 oratoris
997 2369 1257 2407 testimonium
1276 2368 1461 2406 sufficere.
1519 2367 1571 2404 Et
1591 2375 1647 2405 ta-

191 2447 279 2471 men
301 2432 439 2477 rideor,
469 2432 662 2476 traducor,
681 2431 894 2481 jejunitatis
914 2444 1086 2476 accusor,
1113 2431 1177 2481 qui
1205 2429 1510 2481 pinguitudinem
1538 2429 1646 2467 istam

190 2495 408 2546 pituitosam
424 2493 628 2537 fastidiam,
649 2500 688 2530 et
708 2505 874 2542 persona
900 2506 985 2531 mea
1006 2493 1200 2543 indignam
1218 2492 1372 2536 ducam,
1392 2491 1557 2528 libenter
1577 2504 1646 2541 pu-

192 2557 279 2595 tidis
295 2554 517 2605 magistellis
539 2554 769 2604 relinquenS,
784 2555 922 2605 quibus
942 2555 972 2593 si
988 2555 1131 2592 fatuam
1153 2554 1374 2591 industriam
1397 2553 1576 2590 detrahas
1596 2552 1647 2589 in-

193 2619 314 2669 eptias
335 2615 601 2657 coacervandi,
627 2616 716 2652 nihil
745 2616 886 2666 ingenii
908 2615 1113 2666 superest]
1155 2615 1233 2652 Sed
1254 2615 1344 2665 quid
1365 2621 1431 2651 aut
1451 2613 1547 2650 illius
1567 2621 1644 2651 tra-

193 2681 293 2731 gica,
321 2686 388 2717 aut
407 2679 521 2727 hujus
541 2678 708 2715 oratoria
737 2678 771 2714 vi
802 2678 968 2715 clarius?
999 2677 1175 2714 Valerius
1197 2677 1310 2714 Max.
1334 2676 1408 2713 111.
1430 2680 1467 2713 ³1⁴.
1500 2675 1644 2713 Phocio

195 2742 439 2780 δοιδυκοποιοῦ
458 2740 596 2790 πατρὸς
618 2739 1297 2790 Glaucipp.——ee'pqx‹b9—1c«rs'i—r1)v
1316 2738 1532 2785 δυσγένειαν
1553 2754 1644 2788 παρ-

194 2815 290 2850 ῆκεν.
348 2803 549 2840 Athenians
577 2802 627 2838 all
652 2802 700 2853 of
719 2802 954 2846 traam—the
981 2802 1160 2850 Spartans
1186 2801 1234 2851 of
1252 2800 1646 2848 ⁷10110.—-Tl1epopulat·

195 2880 298 2904 error
317 2866 363 2917 of
375 2866 533 2903 basencss
553 2863 601 2914 qs
621 2864 715 2901 birth
735 2877 862 2914 among
889 2865 947 2902 the
967 2864 1166 2903 Athenians
1185 2863 1287 2916 from
1311 2862 1368 2899 the
1385 2861 1546 2913 father's
1561 2874 1645 2911 pro—
