1824 3171
138 112 252 150 xcviii
446 111 516 150 10.
549 112 800 150 TAYLORI
834 111 1268 152 PROLEGOMENA

135 216 256 264 sibus,
277 221 316 252 et
337 227 404 265 pro
427 214 624 266 Megalop.
648 214 818 254 similiter
847 229 935 255 cum
957 216 1049 268 Ulp.
1078 217 1170 254 item
1199 228 1267 267 pro
1289 209 1450 251 Rhodiis
1480 215 1519 249 et
1538 209 1589 250 de

141 277 287 314 foedere
317 289 352 314 c.
374 275 482 314 Alex.
540 277 677 315 Codex
697 280 761 316 82.
784 281 822 316 3.
852 278 1046 316 AEschinis
1067 278 1165 328 Epp.
1191 291 1248 327 gr.
1275 277 1395 314 chart.
1452 272 1589 311 Codex

145 341 233 377 101.
255 338 445 375 orationes
474 338 587 375 variae
618 352 673 389 gr.
705 339 825 376 chart.
855 340 919 376 fol.
950 340 1129 389 oblongo,
1164 352 1237 377 nec
1271 338 1368 375 adeo
1399 335 1590 384 antiquus,

143 412 217 437 nec
247 399 414 449 eleganti
440 399 602 450 scriptus
629 406 686 437 est
710 400 946 445 charactere,
966 400 1206 437 mediocriter
1221 407 1348 437 tamen
1374 396 1591 435 emendate.

146 461 329 500 Continet
356 462 470 499 Dem.
492 475 564 498 orr.
605 464 664 499 18.
697 469 845 498 tantum
876 475 959 498 cum
990 461 1139 498 Libanii
1174 459 1405 510 argumentis
1439 456 1598 507 singulis

146 536 219 560 orr.
241 523 454 573 praemissis,
476 530 515 560 et
534 523 676 560 codicis
695 523 801 560 initio
821 523 936 573 ipsius
957 523 1073 560 Dem.
1094 535 1163 573 per
1181 522 1344 559 eundem
1363 521 1454 566 vita,
1472 518 1600 569 qualia

145 584 183 620 in
204 583 314 621 editis
334 584 509 634 legimus.
569 583 705 621 Codex
726 586 813 622 105.
834 596 907 620 orr.
923 583 1100 633 quaedam
1123 596 1210 621 cum
1231 582 1329 619 notis
1350 580 1509 630 margin.
1527 578 1598 616 Gr.

148 645 281 683 Chart.
301 644 367 682 fol.
386 644 580 682 Busbeck.
639 644 731 681 Pars
753 645 850 694 prior
869 644 933 681 vix
962 644 1037 695 legi
1064 651 1194 695 potest
1221 644 1270 681 ob
1292 642 1483 680 desectum
1504 646 1601 677 atra-

148 706 265 744 menti
285 713 322 743 et
351 705 505 743 chartae.
564 705 659 756 Pag.
679 705 802 756 prima
821 705 1014 743 adnotatae
1041 712 1130 743 sunt
1148 718 1222 743 orr.
1239 704 1288 741 ad
1307 706 1372 743 29.
1390 710 1429 740 et
1444 699 1602 739 exordia

146 768 359 806 orationum
383 767 431 804 ad
446 770 510 806 63.
530 773 611 803 tum
633 767 805 817 sequitur
825 767 940 804 Dem.
971 767 1047 804 vita
1067 779 1135 817 per
1155 778 1387 817 anonymum
1408 760 1601 801 Orationi·
1639 786 1643 790 ‹

148 831 218 868 bus
252 837 391 880 praeter
428 836 654 880 argumenta
686 829 837 866 Libanii
870 828 1029 879 singulis
1062 828 1283 880 pra-posita,
1317 828 1368 865 ad
1400 839 1503 864 oram
1537 823 1604 862 ad-

150 892 293 941 scripta
313 898 401 928 sunt
426 891 583 935 scholia,
611 898 796 940 excerpta
826 890 880 926 uti
911 890 1087 926 videntur
1117 902 1164 927 ex
1188 888 1343 939 Ulpiani
1359 888 1510 926 Comm.
1532 883 1603 922 sed

152 951 236 989 haec
256 952 294 988 in
314 951 504 1002 plerisque
525 950 804 988 desiderantur.
851 951 987 988 Codex
1004 952 1093 991 137.
1108 963 1165 988 or.
1183 950 1231 988 de
1252 962 1393 988 corona
1409 962 1466 1000 gr.
1484 947 1605 986 chart.

151 1017 189 1051 4.
216 1013 253 1048 in
273 1012 349 1050 fine
368 1013 562 1062 adjectum
584 1019 643 1050 est
661 1020 928 1064 argumentum
948 1025 1084 1050 recens
1102 1012 1299 1062 scriptum.
1356 1010 1494 1049 Codex
1516 1011 1605 1047 181.

155 1074 398 1126 Olynthiacae
432 1087 486 1124 gr.
521 1075 643 1113 chart.
677 1078 716 1112 4.
747 1074 942 1112 Busbeck.
998 1074 1120 1112 Aliter
1156 1082 1281 1111 tamen
1316 1086 1362 1111 ac
1393 1070 1608 1110 Nesselius.

157 1135 340 1174 Continet
360 1135 586 1186 Philippicae
606 1136 739 1186 primae
767 1144 914 1186 partem
942 1135 1102 1173 alteram
1131 1142 1277 1173 tantum
1306 1135 1355 1173 de
1387 1131 1609 1185 pecuniaria

155 1198 317 1242 ratione,
349 1197 602 1248 Philippicam
632 1198 800 1243 tertiam,
827 1211 903 1235 non
932 1198 1133 1248 integram,
1156 1210 1244 1235 cum
1263 1196 1414 1235 Libanii
1443 1208 1524 1244 arg.
1544 1193 1610 1231 De

158 1259 429 1297 Cherrhoneso
451 1261 553 1308 (cum
575 1258 713 1296 Liban.
735 1258 832 1309 arg.)
852 1271 926 1295 non
955 1260 1141 1308 integram
1162 1271 1218 1296 or.
1241 1259 1289 1295 de
1307 1270 1416 1309 pace,
1437 1254 1612 1307 imperita

155 1335 286 1360 manu.
344 1321 507 1372 Philipp.
538 1320 749 1359 secundam
770 1321 1136 1371 maledescriptam.
1186 1321 1321 1359 Codex
1340 1320 1405 1357 ille
1426 1331 1496 1356 nec
1517 1317 1614 1355 anti-

158 1384 355 1435 quitatem,
377 1395 450 1420 nec
478 1383 659 1433 optimam
692 1396 772 1434 prae
801 1396 842 1420 se
873 1382 947 1420 fert
973 1389 1101 1420 notam
1132 1383 1180 1419 ob
1210 1390 1405 1420 recentem
1427 1389 1466 1419 et
1486 1381 1615 1418 incon-

159 1446 311 1483 cinnam
345 1443 607 1495 scriptionem,
637 1451 676 1482 et
710 1444 836 1482 omnia
864 1456 1065 1494 puerorum
1101 1443 1392 1481 exercitationes
1424 1442 1615 1480 videntur.

162 1507 299 1546 Codex
321 1509 409 1544 188».
429 1509 468 1544 4.
491 1507 678 1547 135-137.
724 1505 960 1557 Olynthiaca
993 1505 1165 1543 secunda
1193 1517 1280 1542 curn
1307 1504 1397 1543 Lib.
1429 1517 1510 1554 arg.
1541 1503 1614 1542 Gr.

163 1568 283 1607 chart.
300 1571 338 1606 4.
360 1567 520 1619 Olynth.
543 1570 581 1606 2.
611 1574 757 1605 tantum
779 1567 959 1604 inchoata
979 1572 1017 1604 et
1036 1566 1181 1603 initium
1209 1566 1341 1617 primae
1371 1579 1458 1604 cum
1478 1564 1615 1603 Liban.

160 1642 242 1680 arg.
272 1629 378 1680 parvi
407 1628 602 1666 momenti.
659 1628 795 1666 Codex
816 1631 905 1667 196.
925 1626 1132 1673 AEschinis‚
1155 1626 1343 1665 Demadis
1371 1626 1453 1675 (sic)
1475 1633 1514 1664 et
1534 1626 1617 1664 De-

163 1690 373 1729 mosthenis
394 1690 443 1728 ad
464 1690 649 1741 populum
671 1690 816 1727 Athen.
874 1689 993 1727 Porro
1021 1695 1149 1726 autem
1168 1688 1207 1725 in
1227 1688 1364 1727 eadem
1383 1687 1620 1726 bibliotheca

163 1753 283 1791 editio
304 1752 449 1789 Aldina
473 1755 573 1791 1503
596 1765 683 1789 cum
704 1751 840 1801 castig.
861 1750 967 1787 mstis
989 1750 1120 1787 Iacobi
1141 1750 1298 1789 Tusani.

220 1813 358 1854 Codex
380 1815 631 1863 Augustanus,
654 1813 808 1863 optimae
827 1811 919 1849 fidei
947 1812 1109 1850 collatus
1138 1812 1188 1850 ad
1207 1812 1391 1863 Herwag.
1412 1810 1622 1850 secundam

166 1878 218 1926 (v.
236 1876 318 1914 Nos
351 1876 402 1913 ad
421 1889 475 1913 or.
492 1875 530 1912 in
551 1875 707 1925 Leptin.
728 1888 767 1925 p.
783 1877 847 1912 34.
869 1874 986 1912 Dem.
1007 1874 1140 1923 nostri)
1161 1887 1183 1911 a
1201 1873 1355 1911 Simone
1377 1873 1566 1911 Fabricio.
1585 1887 1621 1912 v.

170 1939 314 1989 Consp.
344 1938 391 1975 ad
419 1937 501 1974 init.
528 1937 576 1974 T.
599 1937 673 1973 III.
695 1936 830 1974 Codex
859 1936 1057 1986 Obsopoei‚
1089 1936 1167 1973 sive
1200 1936 1328 1974 codex
1361 1935 1622 1981 Pannonicus,

167 2000 364 2051 exemplar
391 1998 625 2037 admirandae
653 1998 867 2036 vetustatis.
888 2011 923 2035 v.
945 1998 1152 2048 Conspect.
1209 1997 1344 2035 Codex
1358 1997 1624 2047 Lindenbrog.

170 2064 282 2112 cujus
302 2062 507 2100 varietates
539 2060 741 2111 descripsit
760 2059 1067 2110 Lindenbrogius
1101 2059 1151 2097 ad
1170 2072 1275 2097 oram
1296 2059 1566 2108 Herwagianae
1587 2058 1626 2095 in

168 2123 403 2161 bibliotheca
426 2121 724 2172 Hamburgensi.
783 2120 964 2159 Similiter
997 2120 1129 2158 addita
1159 2120 1320 2170 margini
1352 2120 1525 2169 ejusdem
1546 2119 1626 2157 edi-

170 2184 284 2222 tionis
315 2184 352 2221 in
386 2183 622 2222 bibliotheca
642 2183 802 2220 Kennet
835 2182 1068 2220 Mackenzie
1087 2181 1425 2235 *Scuto-Britanni.
1457 2195 1492 2219 v.
1524 2181 1626 2219 Con·

173 2254 297 2298 spect.

229 2307 395 2346 Codices
418 2308 538 2346 MSS.
562 2308 698 2344 Batavi
715 2307 775 2344 vel
798 2307 939 2357 Belgici
958 2307 1109 2357 aliique.
1131 2307 1246 2345 Dent.
1268 2306 1401 2344 AEsch.
1424 2305 1531 2344 MSt.
1553 2305 1628 2344 fide

179 2369 327 2408 Swertii
351 2369 445 2406 Ath.
465 2369 577 2419 Belg.
633 2368 678 2404 In
700 2368 801 2406 Bibl.
824 2368 1001 2406 Perizon.
1029 2368 1155 2406 codex
1183 2376 1267 2405 mst.
1295 2368 1331 2405 in
1353 2381 1430 2419 quo
1457 2368 1630 2406 contine-

177 2432 319 2469 bantur
339 2431 454 2467 Dem.
477 2443 550 2467 orr.
572 2429 757 2480 plurimae,
771 2429 901 2480 Lysiae
924 2429 1049 2467 unica.
1071 2429 1186 2467 Dem.
1203 2429 1308 2467 MSt.
1330 2429 1427 2466 Eliae
1445 2429 1631 2467 Obrechti

174 2507 210 2530 v.
228 2493 331 2530 Jebb
352 2492 400 2528 ad
419 2491 628 2528 Aristidem
651 2490 697 2527 T.
714 2492 751 2527 2.
771 2503 808 2540 p.
825 2492 916 2529 472.
974 2490 1164 2528 AEschinis
1184 2490 1353 2541 epistolae
1374 2489 1461 2528 cod.
1479 2490 1632 2527 Pantini

179 2554 330 2593 Decani
361 2553 636 2591 Bruxellensis.
657 2566 691 2590 v.
715 2551 866 2591 Fabric.
899 2553 943 2589 B.
966 2553 1015 2590 G.
1039 2553 1085 2589 T.
1107 2552 1198 2590 XII.
1227 2565 1264 2603 p.
1281 2555 1371 2591 313.
1428 2552 1632 2590 Demosth.

179 2629 251 2654 orr.
272 2614 558 2665 quamplurimae
588 2613 758 2661 ejusdem
782 2613 946 2659 Panfflni,
970 2614 1063 2652 ibid.
1122 2614 1289 2652 Codices
1316 2614 1492 2652 Vossiani.
1514 2613 1633 2652 Dem.

182 2676 342 2729 Olynth.
364 2683 439 2713 tres
457 2675 622 2725 Philipp.
644 2676 674 2711 Ι.
691 2675 740 2712 de
759 2687 856 2725 pace
876 2689 912 2712 n.
929 2676 994 2715 47.
1018 2676 1148 2713 AEsch.
1167 2675 1264 2725 Epp.
1280 2678 1343 2714 90.
1391 2674 1634 2726 Comparatio

182 2739 298 2777 Dem.
320 2744 359 2776 et
375 2735 508 2775 AEsch.
533 2739 619 2774 121.
644 2736 772 2773 AEsch.
791 2736 891 2787 Epp.
939 2735 1111 2774 Salmasii
1131 2743 1232 2774 notae
1252 2736 1455 2775 anecdotae
1475 2737 1513 2774 in
1533 2737 1637 2775 Rhe·

179 2810 283 2838 toras
317 2813 373 2850 gr.
393 2799 499 2836 MSt.
519 2798 611 2836 bibl.
634 2797 761 2848 Lugd.
784 2798 868 2836 Bat.
891 2798 926 2836 in
950 2798 1086 2836 eadem
1115 2798 1231 2836 editio
1253 2798 1397 2836 Aldina
1416 2811 1528 2836 manu
1549 2811 1635 2838 eru-

182 2862 246 2900 diti
269 2861 333 2898 viri
358 2860 493 2911 passim
515 2867 656 2897 notata.
