1824 3171
137 110 214 148 lxvi
581 115 908 155 I-IIERONYMI
941 117 1143 158 WOLFII

137 222 272 264 gnatas
288 223 398 256 notas
417 219 612 269 quasdam,
641 228 682 258 et
701 233 748 258 ex
768 220 1095 262 animadversione
1125 222 1236 262 variae
1265 220 1461 273 scripturae
1480 217 1587 270 quasi
1605 222 1610 223 ⁷

137 277 300 327 vestigia
321 278 517 329 impressa,
539 293 623 331 quae
644 282 727 318 illos
747 282 785 318 in
805 295 972 322 errorem
993 285 1148 322 duxisse
1167 283 1376 321 videantur.
1433 282 1520 323 Qua
1539 279 1587 317 de

135 349 177 374 re
198 337 286 375 alibi
307 339 368 389 egi
390 340 557 378 uberius.
615 341 730 380 Nunc
760 343 809 380 ad
829 345 1105 396 manuscriptos
1135 344 1288 383 codices
1317 342 1462 381 redeo:
1492 341 1588 378 inter

136 410 230 447 quos
259 399 303 447 is,
323 413 437 450 quem
456 408 582 439 vestra
602 402 845 442 Bibliotheca
872 406 1146 456 suppeditavit,
1176 405 1471 455 antiquissimus,
1494 410 1533 440 et
1552 401 1590 439 in

137 458 327 509 plerisque
356 461 510 511 optimae
536 462 640 509 fidei,
675 464 728 502 sic
759 466 956 511 excelluit,
1003 475 1044 504 ut
1072 467 1326 518 principatum
1354 465 1423 502 sibi
1452 463 1589 501 merito

140 520 333 559 vendicet.
389 524 477 564 Quo
496 523 619 561 minus
638 532 765 563 autem
794 540 884 564 usus
902 527 1060 575 illo-iam
1080 529 1225 578 pridem
1253 526 1405 570 fuerim,
1433 525 1590 562 minutae

139 588 178 617 et
199 582 364 619 exoletae
384 582 516 629 literae,
535 597 643 634 quas,
659 599 734 624 nec
754 587 918 637 speculis
939 589 1132 634 adhibitis,
1153 588 1370 639 perspicere
1390 585 1510 637 potui,
1527 586 1592 622 ob·

138 641 332 680 stiterunt.
390 643 565 682 Tandem
587 646 624 682 in
644 656 811 684 mentem
831 649 935 686 venit
956 649 1015 686 M.
1034 649 1197 687 Simonis
1218 648 1395 691 Fabricii,
1417 645 1490 682 mei
1512 644 1591 682 eol-

137 702 250 751 legae,
271 703 337 739 viri
357 704 580 751 doctissimi,
602 714 641 744 et
659 707 698 744 in
715 708 859 746 Graecis
879 709 997 746 literis
1026 708 1338 753 exercitatissimi,
1357 720 1483 757 quem,
1505 718 1592 742 cum

140 763 221 799 acie
243 764 440 802 oculorum
462 779 538 804 non
558 767 691 813 minus,
708 782 824 820 quam
841 770 984 821 ingenii
1004 772 1182 809 acumine
1202 770 1345 822 pollere
1366 768 1513 813 scirem,
1535 780 1595 804 ro-

138 823 239 872 gavi,
265 831 307 861 ut
326 825 538 875 periculum
558 827 718 875 faceret,
739 843 830 867 num
850 831 940 881 quid
961 845 1011 869 ex
1030 832 1096 869 illo
1116 832 1264 869 fructus
1295 842 1432 880 capere
1462 840 1594 879 posse-

138 896 234 921 mus.
290 885 336 922 In
357 900 434 936 quo
455 886 531 933 ille,
553 902 623 939 pro
651 897 782 928 nostra
806 892 1102 936 necessitudine,
1123 892 1299 928 alacriter
1327 903 1473 927 morem
1500 888 1591 925 mihi

139 945 267 993 gessit,
299 954 557 998 susceptoque
591 951 762 1001 negotio,
799 957 947 988 tantum
981 952 1161 989 volumen
1196 951 1397 988 eeleritate
1432 948 1593 986 mirabili

140 1006 315 1056 perlegit,
343 1015 382 1044 et
408 1008 586 1058 singulari
616 1012 825 1061 sagacitate
854 1025 987 1048 omnes
1017 1012 1219 1048 varietates
1240 1009 1504 1060 deprehendit,
1525 1021 1595 1046 noa

139 1067 247 1116 tavit,
268 1070 472 1119 excerpsit,
491 1072 729 1119 marginibus
748 1071 922 1120 impressi
951 1072 1093 1107 codicis
1123 1071 1339 1120 adscripsit,
1361 1069 1501 1107 additis
1526 1069 1598 1107 eti-

140 1141 201 1165 am
222 1129 385 1174 scholiis,
416 1143 503 1179 quae
533 1144 610 1167 non
639 1131 803 1180 ingrata,
834 1144 959 1181 neque
990 1131 1138 1168 inutilia
1169 1137 1246 1173 τοῖς
1274 1131 1482 1180 φιλέλλησι
1509 1131 1593 1168 forre

141 1202 262 1240 spero.
319 1191 395 1233 Qui
426 1203 502 1228 una
530 1204 681 1228 mecum
704 1199 781 1229 tam
799 1192 900 1229 illius
919 1193 1130 1238 industriae,
1149 1205 1263 1242 quam
1284 1198 1421 1228 vestrae
1449 1191 1595 1228 benefi-

141 1253 280 1290 centiae
300 1266 340 1291 se
361 1254 505 1291 debere
525 1254 756 1292 fatebuntur.
812 1254 905 1292 Erat
925 1254 988 1292 hic
1009 1254 1151 1304 aliquid
1172 1253 1378 1290 dicendum
1399 1253 1448 1290 de
1476 1251 1596 1289 laudi-

141 1313 213 1351 bus
229 1314 516 1360 Demosthenis,
536 1314 607 1351 nisi
627 1315 657 1352 is
678 1322 718 1352 et
736 1315 819 1365 ipse
838 1315 972 1353 lectori
991 1316 1048 1354 sui
1067 1315 1238 1352 studioso
1258 1314 1412 1351 abunde
1433 1326 1473 1350 se
1490 1327 1595 1351 com-

141 1375 353 1420 mendaret,
375 1376 465 1413 etin
485 1382 637 1426 promtu
656 1384 784 1413 essent
805 1376 1004 1414 Ciceronis
1031 1383 1070 1414 et
1096 1376 1257 1413 aliorum
1280 1375 1329 1412 de
1357 1375 1422 1411 illo
1451 1374 1590 1425 elogia,

142 1442 182 1472 et
201 1448 324 1473 meam
343 1436 539 1474 infantiam
558 1437 625 1474 viri
646 1437 946 1488 eloquentissimi
965 1444 1003 1475 et
1030 1436 1271 1474 celeberrimi
1300 1435 1452 1473 claritas
1479 1448 1594 1486 repu-

142 1496 277 1535 diaret.
331 1498 464 1535 Unum
492 1498 604 1548 igitur
632 1499 708 1536 hoc
736 1506 924 1549 superest,
955 1498 1173 1549 amplissimi
1198 1497 1280 1543 viri,
1302 1497 1441 1534 domini
1468 1505 1507 1535 et
1526 1494 1594 1548 pa-

140 1557 241 1594 troni
270 1558 436 1604 colendi,
461 1572 528 1596 vos
549 1566 592 1596 ut
621 1573 742 1608 orem,
774 1567 816 1597 ut
844 1567 1075 1611 postremum
1094 1561 1168 1598 hoc
1195 1573 1290 1611 opus
1318 1573 1459 1606 meum,
1489 1560 1594 1610 quod

140 1618 320 1669 epitaphii
341 1620 425 1657 loco
444 1620 534 1657 mihi
555 1633 638 1658 esse
657 1621 756 1666 volo,
779 1624 881 1668 (nam
901 1622 932 1659 si
951 1635 1026 1673 qua
1043 1621 1140 1659 forte
1170 1622 1243 1659 alia
1273 1628 1405 1659 secuta
1436 1621 1594 1669 fuerint,

140 1692 187 1716 ea
204 1679 296 1717 nihil
316 1681 366 1718 ad
383 1681 457 1719 hoc
487 1693 569 1719 esse
598 1682 849 1730 videbuntur)
881 1683 960 1734 pari
987 1682 1221 1720 humanitate
1250 1683 1428 1733 accipere
1460 1683 1595 1734 digne-

139 1740 242 1787 mini,
277 1756 354 1793 qua
385 1744 680 1782 commentarios
714 1757 820 1782 meos
859 1744 1197 1782 Ciceronianorum
1230 1744 1458 1789 libellorum,
1493 1757 1594 1782 anno

141 1803 282 1842 abhinc
312 1804 489 1855 septimo,
520 1812 657 1842 vestrae
677 1805 925 1843 bibliothecae
951 1806 1156 1856 splendore
1185 1819 1263 1843 non
1291 1805 1467 1855 indignos
1492 1805 1595 1855 judi-

140 1865 279 1902 castis:
308 1879 447 1916 meque
494 1866 705 1904 ministrum
739 1874 906 1904 vestrum
939 1874 979 1904 et
1007 1867 1188 1904 clientem
1219 1866 1594 1904 observantissimum

139 1924 446 1974 (ingravescente
464 1934 590 1972 aetate,
611 1934 650 1964 et
668 1927 902 1971 valetudine,
924 1933 966 1964 ut
987 1927 1099 1972 solet,
1117 1927 1278 1965 subinde
1298 1928 1532 1971 labascente,
1555 1934 1595 1964 et

137 1993 273 2023 ruente
293 1987 331 2023 in
351 1987 532 2034 deterius)
553 1988 863 2025 commendatum
891 1988 1035 2026 habere
1063 1989 1254 2039 pergatis:
1287 1989 1334 2025 ab
1364 2000 1486 2038 eoque
1517 1987 1593 2026 mei

137 2045 373 2084 defendendi
393 2048 630 2098 ornandique
650 2049 788 2093 studio,
814 2062 889 2087 nec
918 2056 983 2086 aut
1010 2049 1223 2086 invidorum
1252 2049 1463 2093 calumniis,
1483 2053 1595 2099 (quas

139 2106 221 2156 quis
252 2121 416 2157 unquam
446 2121 584 2146 cavere
617 2109 739 2158 potuit
754 2109 787 2158 ?)
823 2117 889 2146 aut
919 2110 1181 2160 imperitorum
1211 2110 1406 2147 hominum
1439 2110 1593 2160 ineptiis

139 2167 248 2217 (quas
268 2181 290 2205 a
310 2169 495 2218 gravitate
515 2176 555 2206 et
576 2169 760 2219 sapientia
780 2176 906 2207 vestra
933 2171 1076 2220 negligi
1098 2178 1137 2208 et
1157 2170 1347 2221 repudiari
1367 2178 1474 2208 certo
1494 2172 1591 2221 scio)

139 2227 419 2266 deterreamini.
477 2229 560 2266 Etsi
581 2230 679 2266 enim
700 2230 801 2280 apud
820 2230 1022 2267 nonnullos
1050 2231 1255 2280 praesentia
1274 2244 1373 2280 mea,
1394 2240 1433 2269 et
1453 2232 1595 2283 simpli-

139 2288 249 2334 citas,
263 2296 377 2340 atque
400 2291 447 2327 ab
465 2291 718 2328 ostentatione
740 2298 778 2328 et
797 2304 937 2341 pompa
956 2291 1164 2329 abhorrens
1185 2286 1344 2338 animus,
1358 2293 1513 2344 vitaque
1533 2307 1594 2332 so-

138 2349 274 2396 litaria,
296 2351 469 2388 minuunt
487 2352 648 2389 famam:
680 2358 810 2389 tamen
829 2365 902 2389 nec
923 2359 1065 2390 exterae
1086 2353 1261 2390 nationes
1284 2354 1466 2391 Wolfium
1486 2355 1596 2405 igno-

139 2417 235 2456 rant,
257 2417 296 2448 et
316 2411 458 2461 posteri
487 2411 618 2456 scient,
649 2417 688 2449 et
714 2410 873 2448 studiosi
900 2414 1076 2459 juvenes,
1111 2412 1295 2462 doctique
1327 2412 1510 2459 homines,
1529 2426 1595 2452 ve-

139 2478 256 2510 stram
274 2472 312 2509 in
332 2485 392 2510 me
413 2473 682 2510 liberalitatem
711 2485 756 2509 ac
781 2471 1074 2510 beneficentiam
1095 2473 1357 2510 celebrabunt.
1415 2475 1503 2516 Quo
1523 2475 1591 2512 mi-

137 2545 208 2570 nus
237 2540 364 2570 autem
392 2546 527 2571 munus
555 2534 629 2570 hoc
649 2546 775 2570 meum
794 2534 842 2570 ab
863 2532 1112 2583 amplitudine
1133 2540 1260 2571 vestra
1287 2534 1525 2584 repudiatum
1547 2535 1591 2572 iri

137 2600 324 2643 putarem,
345 2606 432 2630 curn
450 2601 577 2631 vestra
594 2594 810 2631 humanitas
830 2593 933 2638 facit,
955 2593 1007 2630 D.
1023 2593 1143 2630 Paulo
1163 2601 1310 2639 autore,
1332 2601 1435 2631 tanta
1453 2595 1587 2641 virtus,

138 2662 181 2691 ut
201 2667 283 2692 eam
303 2655 341 2692 in
362 2655 449 2693 Deo
466 2655 560 2706 Opt.
582 2655 693 2692 Max.
716 2667 800 2691 cum
822 2654 949 2705 primis
970 2654 1154 2700 celebret,
1174 2662 1252 2692 turn
1272 2655 1506 2706 collegarum
1526 2669 1591 2694 ve-

139 2722 302 2752 strorum
323 2716 461 2755 DDD.
482 2716 663 2754 Matthaei
684 2715 860 2760 Welseri,
884 2716 937 2752 Io.
962 2716 1147 2766 Baptistae
1170 2716 1375 2762 Hainzelii‚
1408 2717 1463 2754 Io.
1484 2717 1588 2757 Mat·

137 2775 227 2813 thaei
248 2776 438 2824 Stamleri‚
467 2777 789 2815 ornatissimorum
818 2776 997 2821 virorum,
1028 2790 1153 2827 neque
1185 2790 1207 2814 a
1227 2777 1352 2815 Musis
1382 2784 1421 2815 et
1441 2778 1587 2816 Gratiis

137 2837 434 2887 abhorrentium,
456 2839 653 2886 autoritas,
674 2838 898 2888 consiliique
919 2839 992 2877 mei
1012 2839 1290 2890 comprobatio.
1347 2839 1496 2886 Valete,
1517 2853 1586 2892 pu—
