1824 3171
550 167 630 205 AD
659 163 1122 206 DEMOSTHENEM.
1456 163 1578 202 ccxiii

122 271 199 311 Pag.
247 281 336 301 versu

120 334 199 369 533
279 332 305 368 4·
334 326 508 379 ὀνόματι]
532 328 723 379 ὀνομαστί.

121 413 201 419 —-
253 392 300 428 21
334 388 456 440 τινος]
479 405 548 432 τις.

119 455 199 491 535
253 454 306 490 20
334 452 504 501 πρότερον
523 449 615 502 τῶν]
638 451 870 503 transposui.

120 514 198 553 537
257 515 304 552 15
335 516 543 558 νεανίσκον,
567 515 626 550 καὶ
644 513 834 565 Σώφιλον]
856 512 1032 564 copulam
1051 510 1199 549 sustuli.

119 576 199 614 543
255 576 306 613 25
335 574 449 611 ἐκεῖνο
469 573 637 625 ἐποίησε]
660 575 870 626 interposui
890 577 936 623 γ’.

121 637 200 676 545
282 636 306 676 7
337 635 490 673 ἐπειδὰν
511 635 748 689 βούλωνται]
768 636 914 675 ἐπειδὰν
929 635 956 673 δ’
976 636 1149 674 ἕλωνται.

121 699 201 736 549
255 699 307 735 24
334 696 527 750 ἐπεξῇμεν]
557 697 780 751 ἐπεξῄειμεν.

119 759 200 797 553
282 761 308 798 5
337 761 467 797 λαλῶν
485 760 557 809 μὲν
577 761 636 797 καὶ
659 758 887 812 ὁμωρόφιος]
909 761 1011 798 ἁλῶν
1030 758 1101 809 μὲν
1121 755 1292 797 κοινωνὸς
1311 755 1371 790 καὶ
1392 756 1451 805 ὀμ.

122 823 202 859 554
283 823 308 858 8
337 820 492 874 χιάρης]
518 821 650 872 χάρης.

122 883 202 923 557
285 884 311 920 2
342 882 386 920 σύ
406 882 603 933 δεινότερα]
623 887 663 922 οὗ
686 883 770 922 ὂειν.

126 947 206 983 569
288 947 313 982 8
343 943 457 997 ἅπερ]
480 943 623 998 οἷάπερ.

127 1008 209 1045 580
266 1009 309 1044 ll
345 1007 387 1045 σὲ
406 1006 434 1044 δ’
450 1008 491 1044 οὗ
508 1006 744 1060 παύσεσθαι]
768 1007 811 1046 σὺ
828 1006 857 1044 δ’
876 1005 948 1044 οὐδ’
966 1005 1057 1043 οὕτω
1077 1003 1191 1042 παῦσ.

128 1070 207 1107 585
289 1071 314 1107 5
344 1068 516 1118 ἕκαστος]
537 1070 706 1107 ἕκαστον.

128 1148 211 1158 ·---
266 1130 314 1169 17
343 1132 389 1174 ἢν
407 1128 549 1178 ἄδειαν]
568 1127 721 1184 ᾗᾶὂείᾳ.

128 1194 209 1231 594
266 1192 316 1228 10
345 1190 476 1238 αὐτῆς]
497 1192 628 1228 αὐτῶν.

130 1274 209 1281 —-
265 1255 314 1291 16
343 1252 385 1290 ἐν
403 1251 531 1304 τούτῳ]
552 1254 606 1290 ἑνὶ
625 1257 752 1305 τούτῳ.

131 1335 211 1342 —--
262 1316 314 1351 22
344 1313 404 1362 ὃν]
419 1310 484 1353 ὦν.

130 1377 209 1417 597
291 1378 317 1414 6
344 1376 416 1426 μὲν
436 1374 500 1427 ὃν]
522 1375 736 1428 interposui
758 1378 844 1428 γάρ.

131 1459 211 1466 --·
290 1438 315 1478 7
345 1444 451 1475 τοῦτο
469 1438 540 1489 μὲν
554 1438 603 1488 εἰ]
623 1447 740 1477 ταῦτα
760 1439 859 1491 μόνα
873 1439 952 1490 ε’ρῶ,
973 1439 1017 1476 εἴ.

130 1502 211 1538 598
268 1501 319 1537 10
347 1500 416 1537 τότ’
434 1499 608 1551 ἐξαρχῆς]
629 1503 709 1538 τότε
729 1502 757 1539 τ’
777 1501 947 1554 ἐξαρχῆς.

133 1563 214 1606 600
271 1562 319 1600 15
348 1560 466 1598 verba
477 1563 576 1599 ταῦτ’
592 1561 842 1613 ἐπιδείκνυμεν
857 1574 942 1599 eam
962 1560 999 1597 in
1018 1559 1150 1598 sedem
1169 1557 1320 1604 immisi,
1334 1569 1448 1609 quam
1462 1563 1597 1596 tenent

400 1622 440 1659 in
460 1622 630 1662 editione
650 1636 751 1672 mea,
770 1623 860 1663 olim
889 1622 1120 1674 legebantur
1139 1632 1241 1673 pone
1270 1620 1391 1672 τούτῳ,
1413 1619 1518 1670 quod
1538 1624 1599 1656 est

401 1696 500 1722 vers,
524 1688 586 1725 16.

133 1747 214 1784 602
294 1747 319 1784 5
348 1747 427 1796 περὶ
445 1746 524 1796 τὸν]
544 1749 623 1797 περὶ
643 1755 722 1786 τοῦ.

135 1810 214 1846 603
270 1809 322 1845 24
351 1814 418 1845 νῦν
433 1807 473 1845 δέ·
493 1809 550 1858 σε]
573 1815 638 1848 νῦν
658 1809 697 1847 δέ
719 1825 775 1857 γε.

135 1871 217 1908 612
297 1872 323 1907 4
350 1872 398 1920 τῷ
419 1869 447 1906 δ’
462 1869 518 1908 ὅτι
536 1871 693 1920 παῖδας]
714 1875 764 1924 τῷ
783 1871 822 1909 δὲ
837 1871 988 1914 παῖδας.

137 1952 218 1962 —-·
298 1933 323 1969 6
353 1932 603 1984 ἀπογράφειν]
624 1933 878 1984 ἀπογράφειν.

139 1995 220 2031 614
301 1995 327 2031 9
357 1994 414 2030 καὶ
432 1993 607 2045 μεγάλα]
631 1994 841 2046 interposui
860 1998 919 2032 τά.

141 2057 220 2092 618
303 2057 328 2092 9
356 2056 648 2106 προειρημένων]
667 2060 944 2108 προειρημένον.

142 2118 222 2154 626
303 2118 327 2153 3
357 2117 623 2167 φυλαξάμενος]
642 2118 914 2169 φυλαξάμενος.

144 2181 222 2207 -έ-
234 2190 322 2227 pen.
352 2177 585 2229 σκοπείσθω]
616 2178 824 2217 σκοπεῖσθε.

142 2243 222 2278 628
280 2243 329 2277 14
355 2243 553 2286 πεποίηκεν
567 2241 683 2291 ὅμως]
699 2246 916 2288 πεποιηκώς.

143 2304 224 2339 630
278 2303 329 2339 26
358 2299 423 2338 οἷδ’
442 2300 496 2339 ὅτι
516 2301 648 2351 πᾶσιν]
663 2301 745 2340 οἶδα
762 2309 882 2341 πᾶσιν
901 2301 968 2340 ὅτι.

143 2365 219 2402 631
305 2365 330 2400 2
359 2365 425 2408 τὴν
441 2362 520 2412 τοῦ]
539 2363 752 2415 interposui
772 2365 857 2413 γάρ.

146 2446 226 2453 --
283 2424 331 2465 17
360 2424 382 2469 ἢ
402 2427 549 2474 τοῦτον]
568 2425 777 2477 interposui
797 2430 854 2464 σύ.

146 2489 226 2525 633
308 2489 331 2524 3
361 2487 618 2538 προσγράψαι]
639 2486 912 2538 προσγράψας,

147 2551 227 2587 634
307 2550 333 2585 2
362 2547 495 2599 ἔνοχος
516 2547 554 2585 δὲ
576 2547 637 2596 σὺ]
658 2549 791 2600 ἔνοχος
811 2548 927 2585 δὲκαὶ
946 2550 1002 2585 σύ.

123 2660 126 2661 ⁷
148 2612 228 2649 635
308 2611 333 2650 7
362 2610 384 2654 ἢ
401 2611 460 2647 καὶ
478 2612 623 2662 ἄλλως]
643 2611 664 2655 ἢ
683 2612 713 2648 εἰ
733 2612 794 2647 καὶ
809 2610 952 2652 ἄλλως.

149 2675 229 2710 639
310 2675 335 2710 9
365 2674 414 2723 τῷ
432 2672 502 2723 μὲν
518 2670 697 2720 ὑπειπὼν]
711 2679 800 2723 poSt
815 2672 886 2723 μὲν
904 2669 1033 2709 addidi
1055 2670 1140 2718 γάρ.
1213 2713 1222 2721 .

152 2735 230 2770 643
287 2734 334 2773 17
365 2735 648 2784 γεγραμμένους
670 2731 821 2784 νόμους]
840 2731 1048 2783 Interposui
1071 2733 1210 2769 τούτου.

155 2795 233 2832 646
287 2797 338 2832 23
367 2794 514 2847 αὐτοῖς]
537 2794 659 2838 εὐθύς.

154 2856 230 2893 647
287 2858 339 2893 20
366 2855 476 2902 δεῖξον
497 2857 637 2906 οὑτοσὶ]
657 2855 783 2903 δεῖξον.
803 2853 913 2895 οὗτοι.

156 2918 235 2955 648
289 2919 335 2955 21
370 2914 468 2963 τοὺς]
487 2919 632 2962 αὐτοὺς.
