1824 3171
456 166 532 204 AD
564 164 724 205 SUUM
754 161 1057 204 DEMOSTH.
1090 161 1370 199 PRAEFATT.
1585 160 1651 200 lxv

192 269 283 318 tuit)
303 267 471 306 omnium
491 267 610 307 oeulis
626 275 746 321 atque
764 266 899 307 animis
919 265 958 305 in
978 266 1102 317 ipsum
1122 264 1290 310 intentis,
1312 264 1528 311 consilium,
1545 262 1654 302 auxi-

189 330 295 377 lium,
315 329 618 369 incolumitatem
637 330 685 369 ab
713 343 760 369 eo
783 327 1061 381 expetentium,
1090 334 1226 366 contra
1245 327 1468 376 conjuratos
1486 325 1653 363 maxima

191 391 488 443 suavissimaque
516 406 627 439 voce,
659 406 748 432 cum
778 390 962 442 singulari
983 389 1172 440 dignitate
1200 386 1379 436 actionis,
1408 393 1593 436 motuque
1613 393 1653 424 et

184 460 298 504 gestu
317 453 483 505 corporis
502 454 619 492 totius
638 453 924 499 decentissimo,
947 450 1162 504 peroravit:
1190 462 1303 501 quam
1325 461 1412 487 cum
1432 447 1567 485 eadem
1588 448 1653 484 illa

181 513 303 552 oratio
323 527 423 553 nunc
442 515 504 554 vel
523 515 638 554 tacite
654 516 701 554 ab
723 516 843 554 otioso
859 514 1040 566 quopiam
1056 520 1095 552 et
1109 525 1246 551 securo
1267 509 1528 563 percurriturz
1547 510 1609 547 vel
1629 523 1652 548 a

182 574 421 623 rhetorculo‚
437 576 533 616 adeo
545 577 692 616 nullum
707 577 821 616 animi
836 584 982 614 motum
996 582 1035 614 et
1050 575 1223 614 dolorem
1243 572 1466 618 adhibente,
1479 577 1522 608 ut
1535 570 1651 609 etiam

182 637 408 684 sententias,
423 652 633 691 earumque
650 638 1041 690 circumscriptiones,
1055 638 1118 676 vel
1134 650 1185 675 ex
1198 634 1464 674 imbecillitate
1480 632 1651 684 spiritus,

181 697 243 735 vel
262 700 311 736 ob
331 700 420 739 artis
440 701 721 753 pronunciandi
741 700 978 740 inscientiam
1000 699 1161 738 divellat
1194 706 1312 749 atque
1333 695 1541 747 disperdat,
1571 694 1652 733 sine

181 758 260 797 ulla
278 760 464 801 varietate
484 776 555 815 pro
568 770 753 816 suggesto
769 762 981 802 recitatur?
1008 762 1150 813 Neque
1165 773 1258 798 vero
1279 757 1400 803 vobis,
1416 756 1485 794 viri
1501 755 1654 807 amplis-

178 819 284 872 simi,
297 822 360 873 qui
376 823 551 876 plerique
566 825 605 863 in
617 826 741 872 Italia,
759 824 962 877 Hispania,
975 824 1118 869 Gallia,
1135 822 1274 874 partim
1290 819 1505 859 studiorum
1521 829 1653 864 causa,

184 882 324 933 partim
350 885 402 922 ob
422 887 648 936 gravissima
667 895 706 926 et
725 887 881 940 publica
901 894 941 925 et
959 885 1107 938 privata
1126 883 1286 935 negotia
1303 882 1458 927 versati,
1477 879 1654 918 homines

183 944 424 995 eloquentes,
445 954 484 985 et
503 961 631 987 sacros
652 957 824 988 oratores
852 949 1129 988 concionantes
1149 945 1358 989 audivistis,
1378 943 1456 982 ulla
1474 941 1542 980 tali
1561 954 1654 980 con-

183 1005 418 1046 sideratione
434 1016 474 1047 et
488 1009 644 1048 fictione
664 1017 723 1048 est
743 1024 864 1061 opus:
890 1010 961 1061 ipsi
981 1007 1249 1054 recordamini,
1270 1013 1313 1044 ut
1329 1004 1384 1043 illi
1404 1004 1555 1043 soleant
1573 1015 1652 1040 non

183 1068 427 1106 mulierculas
446 1077 610 1113 tantum,
629 1071 841 1120 rudemque
861 1071 1107 1120 plebeculam
1127 1080 1368 1122 permovere,
1390 1066 1460 1104 sed
1477 1064 1654 1103 homines

183 1127 299 1165 etiam
319 1141 456 1178 graves
476 1136 516 1166 et
534 1136 757 1166 constantes
785 1130 886 1166 omni
906 1131 1089 1168 varietate
1120 1131 1332 1167 affectuum
1359 1127 1520 1177 agitare,
1548 1137 1653 1163 nunc

183 1197 372 1227 excutere
391 1189 595 1240 lacrymas,
611 1202 715 1227 nunc
735 1189 892 1227 easdem
912 1190 1020 1240 quasi
1041 1190 1279 1239 abstergere,
1294 1187 1412 1224 modo
1427 1187 1523 1224 iram
1540 1185 1656 1224 exsti-

181 1250 344 1296 mulare,
373 1263 466 1287 mox
495 1251 651 1302 placare
680 1251 810 1297 iratos,
842 1257 880 1288 et
899 1250 1057 1288 flectere
1078 1250 1129 1288 ad
1156 1247 1544 1292 commiserationem,
1570 1248 1652 1298 jam

181 1311 399 1364 deprimere
419 1312 468 1351 ad
486 1312 645 1359 inferos,
666 1313 782 1364 paulo
798 1319 887 1364 post
904 1312 1009 1350 velut
1038 1318 1151 1349 extra
1178 1323 1263 1348 sese
1283 1315 1413 1361 raptos
1441 1321 1559 1360 supra
1586 1321 1654 1347 nu-

180 1374 251 1413 bes
277 1374 470 1420 attollere,
506 1382 550 1412 ut
583 1374 621 1412 in
649 1374 843 1426 paradiso,
874 1381 914 1412 et
942 1372 1197 1411 illustrissimo
1228 1371 1367 1410 summi
1397 1370 1484 1409 coeli
1504 1370 1652 1421 amphi-

179 1436 350 1482 theatro,
381 1435 597 1474 incredibili
627 1435 826 1487 gestientis
858 1435 971 1474 animi
1000 1434 1134 1472 laetitia
1162 1440 1201 1472 et
1227 1432 1490 1472 exsultatione
1508 1431 1652 1471 versari

180 1497 252 1536 sibi
271 1497 488 1536 videantur.
545 1498 626 1536 Sed
645 1498 696 1536 ad
715 1498 901 1536 Graecum
929 1497 1170 1549 archetypon
1189 1495 1322 1543 redeo,
1349 1494 1389 1533 in
1409 1496 1520 1545 cujus
1548 1506 1653 1532 men-

182 1560 241 1598 dis
261 1560 293 1597 si
312 1573 389 1598 non
407 1560 601 1607 tollendis,
622 1568 662 1599 at
686 1559 915 1606 minuendis,
945 1567 1012 1598 aut
1039 1559 1176 1598 saltem
1209 1557 1438 1602 indicandis,
1460 1556 1553 1608 quid
1568 1558 1651 1607 jam

173 1622 273 1666 ‚olim
293 1622 546 1674 praestiterim,
566 1622 689 1661 doctis
708 1636 785 1660 non
806 1629 864 1661 est
883 1622 1077 1674 ignotum:
1098 1627 1138 1658 et
1156 1628 1287 1658 tamen
1304 1619 1493 1668 ejusmodi
1511 1618 1551 1656 id
1564 1617 1651 1664 fuit,

180 1691 225 1721 ut
243 1697 314 1735 pro
333 1684 448 1722 laude
467 1684 614 1735 ingenii
633 1696 681 1723 ac
702 1683 928 1735 diligentiae,
955 1681 1181 1721 temeritatis
1206 1681 1245 1719 in
1266 1680 1486 1726 divinando,
1507 1686 1547 1717 et
1565 1691 1650 1716 cor-

181 1746 347 1797 ruptelae
367 1746 514 1784 crimen
531 1746 624 1784 mihi
650 1758 675 1784 a
697 1745 902 1791 nonnullis,
933 1743 1297 1796 improbioribusne,
1329 1754 1380 1780 an
1410 1740 1650 1780 stultioribus

182 1806 321 1852 dicam,
341 1807 488 1855 nescio,
509 1807 799 1859 impingeretur.
855 1806 974 1845 Nunc
995 1818 1084 1843 vero
1111 1817 1169 1843 xv
1190 1804 1372 1844 codicum
1390 1803 1490 1841 inter
1508 1815 1550 1841 se
1570 1802 1651 1840 col-

181 1868 286 1916 latio,
306 1869 346 1907 id
374 1883 528 1921 quoque
566 1870 713 1909 crimen
741 1868 865 1916 diluit,
883 1867 1116 1918 conjecturis
1134 1867 1232 1906 meis
1246 1866 1440 1919 plerisque
1458 1864 1651 1917 scriptura

181 1938 316 1970 vetere
347 1932 632 1984 comprobatis:
662 1939 702 1971 et
727 1932 785 1979 iis,
814 1944 902 1983 quae
933 1931 1012 1969 sive
1041 1929 1284 1969 librariorum
1312 1927 1461 1967 incuria
1487 1933 1650 1978 praeter-

184 1993 312 2039 missa,
333 1994 412 2032 sive
441 1994 620 2032 codicum
648 1993 892 2032 mutilatione
913 1992 1056 2039 deleta,
1075 1992 1217 2030 nullius
1244 1990 1400 2042 ingenio
1421 1988 1510 2027 addi
1542 1995 1651 2040 pote-

186 2061 286 2101 rant,
309 2055 524 2106 completis.
581 2055 635 2093 Et
653 2061 785 2093 tamen
803 2054 858 2092 illi
878 2067 1034 2106 quoque
1053 2059 1123 2100 tot,
1139 2060 1296 2104 tamque
1315 2050 1457 2089 vetusti
1477 2049 1649 2095 codices,

184 2115 378 2154 nonnullis
397 2115 491 2153 locis
515 2128 651 2167 parum
671 2115 803 2153 auxilii
818 2115 1012 2153 tulerunt:
1043 2126 1130 2164 quae
1146 2113 1237 2151 loca
1253 2111 1347 2149 mihi
1365 2111 1550 2163 pleraque
1569 2107 1651 2159 pla-

182 2190 234 2215 na
253 2184 293 2215 et
312 2184 447 2228 aperta
465 2177 559 2214 fecit
577 2189 705 2215 meum
722 2175 916 2228 quoddam
934 2174 1175 2213 divinationis
1193 2186 1329 2225 genus.
1386 2171 1505 2215 Quod
1521 2173 1649 2219 cujus-

183 2238 289 2277 modi
308 2239 369 2285 sit‚
387 2238 556 2290 quaeritis
572 2239 592 2276 ?
648 2239 789 2290 Neque
809 2238 993 2288 Delphici
1021 2236 1182 2288 tripodis
1210 2235 1346 2282 simile,
1367 2246 1493 2286 neque
1522 2231 1648 2284 auspi-

184 2300 330 2338 ciorum
350 2306 390 2338 et
405 2300 667 2351 auguriorum,
686 2312 813 2350 neque
833 2297 990 2337 aliarum
1019 2298 1098 2337 sive
1127 2296 1455 2350 superstitionum,
1473 2295 1554 2334 sive
1580 2293 1649 2332 ob-

182 2363 443 2400 servationum
471 2369 658 2407 veterum,
689 2361 760 2399 sed
779 2359 943 2411 simplex
962 2367 1002 2399 et
1021 2359 1206 2406 naturale,
1241 2365 1282 2397 et
1309 2357 1453 2397 nemini
1473 2357 1589 2395 docto
1609 2362 1650 2394 et

184 2425 315 2475 sagaci
345 2424 502 2474 ingenio
533 2423 696 2474 praedito
724 2429 922 2474 negatum.
989 2422 1105 2465 Quod
1132 2421 1249 2472 igitur
1276 2420 1372 2459 illud
1391 2420 1482 2458 est?
1538 2417 1649 2456 Artis

185 2485 461 2523 Grammaticae
488 2485 658 2536 cognitio
687 2490 881 2531 accurata,
899 2484 1022 2522 multa
1040 2491 1081 2522 et
1109 2483 1272 2535 diligens
1299 2481 1532 2535 optimorum
1556 2479 1649 2519 scri-

184 2553 340 2599 ptorum
358 2546 487 2593 lectio,
508 2560 670 2597 quorum
690 2546 752 2585 alii
771 2546 865 2584 alios
887 2546 1114 2584 declarant:
1144 2545 1222 2584 stili
1242 2544 1386 2584 autoris
1405 2542 1648 2582 observatio:

184 2610 332 2648 animus
352 2609 392 2647 in
411 2609 621 2648 sententias
640 2622 719 2648 non
737 2608 875 2656 minus,
893 2621 941 2647 ac
960 2622 1062 2661 pene
1080 2608 1204 2661 magis
1225 2608 1354 2654 etiam,
1369 2619 1483 2659 quam
1503 2605 1543 2643 in
1561 2616 1647 2642 ver-

138 2684 141 2685 ’
185 2672 248 2718 ba,
265 2672 435 2710 intentus
453 2686 462 2710 ε
484 2685 632 2719 eorum,
646 2685 733 2723 quae
753 2671 992 2710 antecedunt
1010 2677 1050 2710 et
1067 2677 1296 2723 sequuntur,
1315 2670 1414 2707 inter
1432 2681 1473 2706 se
1493 2678 1648 2717 compa-

186 2733 282 2771 ratio
300 2747 309 2771 :
339 2746 387 2771 ea
406 2733 571 2785 denique
591 2733 799 2785 persuasio,
819 2732 1005 2784 quicquid
1022 2726 1083 2771 vel
1102 2733 1142 2770 in
1159 2732 1287 2771 verbis
1313 2732 1512 2775 absonum,
1530 2728 1591 2766 vel
1610 2727 1650 2764 in

185 2796 305 2833 sensis
332 2796 513 2846 frigidum
543 2803 740 2848 appareat,
760 2795 802 2834 id
820 2809 899 2834 non
918 2808 941 2834 a
958 2795 1047 2834 viris
1067 2793 1378 2846 diligentissimis,
1399 2788 1649 2844 prudentissi-

188 2856 272 2902 mis,
303 2857 558 2895 disertissimis
589 2857 786 2909 scriptum,
815 2858 886 2896 sed
912 2870 934 2896 a
959 2857 1262 2909 negligentibus,
1294 2854 1492 2907 imperitis,
1525 2859 1647 2889 teme-

182 2917 296 2956 rariis
313 2914 481 2957 Iibrariis'
494 2932 579 2958 esse
599 2919 868 2971 depravatum.
929 2920 1072 2959 Habeo
1099 2919 1217 2958 etiam
1251 2918 1380 2957 animo
1406 2928 1494 2954 meo
1526 2910 1649 2952 consi·

250 2989 348 3016 v01..
380 2990 409 3017 1.
942 2983 957 3017 -i
