1824 3171
134 117 172 154 lx
567 112 872 152 HIERONYM
878 114 895 151 1
924 111 1124 151 WOLFII

133 228 291 256 summae
317 215 520 267 iniquitatis
545 223 615 256 est.
671 216 758 268 Ego
783 222 900 262 certe,
919 215 1051 253 volens
1069 213 1236 265 quidem,
1262 210 1405 250 nullum
1432 207 1565 246 folium

134 277 366 329 praetermisi,
382 277 471 328 quin
498 277 580 329 ipse
607 286 694 329 post
719 277 811 316 alios
839 290 969 315 omnes
989 275 1246 319 emendarem,
1270 272 1340 310 sed
1364 267 1567 321 importuni

133 338 186 376 illi
207 338 413 390 Cyclopes,
434 339 524 376 dum
544 351 616 389 ego
643 339 787 389 relego,
817 345 856 376 et
883 350 995 388 quam
1022 334 1302 374 accuratissime
1330 331 1477 381 corrigo
1506 341 1568 373 ea,

134 412 220 451 quae
236 399 446 450 Oporinum
464 399 574 437 variis
594 400 694 438 curis
714 400 952 446 distractum,
969 405 1009 436 et
1037 403 1271 435 correctores
1289 405 1421 445 parum
1448 398 1571 429 atten-

135 467 194 498 tos
230 460 503 511 praeterierant,
537 460 749 511 imprimere
790 459 1015 497 mendosum
1053 456 1272 507 exemplum
1308 456 1573 505 perrexerunt.

138 521 198 558 Ita
216 519 306 557 mihi
335 527 374 558 et
399 520 506 558 labor
529 521 654 571 periit,
684 527 722 558 et
752 518 978 557 existimatio
1011 530 1097 555 mea
1123 517 1246 567 culpae
1274 514 1408 553 alienae
1439 522 1571 563 poenas

136 593 238 632 saepe
258 581 349 619 dare
368 581 529 631 cogitur.
549 583 651 618 ἀλλὰ
671 586 787 619 ταῦτα
805 581 873 631 μὲν
889 580 951 625 ἔξω
971 589 1035 624 τῆς
1055 577 1262 619 ὑποθέσεως
1280 577 1321 612 οὐ
1341 577 1412 624 γὰρ
1430 575 1573 610 ἀπολο-

138 645 228 689 γίαν
254 641 416 692 γράψειν,
442 643 543 678 ἀλλὰ
569 645 612 693 τῇ
632 640 894 693 φιλανθρωπίᾳ
925 656 988 678 σου
1005 640 1307 677 ἀντεπιστέλλειν
1336 634 1572 685 προειλόμην.

140 701 195 739 Ut
223 701 337 752 igitur
357 701 404 739 ad
430 702 638 739 institutum
666 702 834 747 redeam,
852 701 881 738 si
902 700 1206 738 Demosthenem
1225 703 1393 734 nostrum
1413 693 1516 745 pulla
1534 700 1575 730 et

139 762 267 800 lacera
286 769 377 812 toga
395 762 566 800 indutum
596 763 755 807 videbis,
786 762 929 812 cogites
960 761 1086 806 veIIm,
1121 772 1205 797 eum
1238 769 1407 796 eversam
1440 754 1575 805 lugere

138 823 309 874 patriam,
331 830 371 860 et
397 823 435 860 in
454 823 664 874 peregrinis
683 823 819 860 finibus
848 823 998 860 exulem
1017 829 1057 860 et
1075 819 1291 858 mendicum
1318 818 1575 859 oberrantem,

139 884 317 934 quicquid
344 884 466 928 detur,
492 884 590 934 aequi
618 883 784 934 bonique
812 883 955 921 facere.
1011 884 1096 925 Qua
1115 882 1164 919 de
1191 893 1233 918 re
1250 886 1409 917 venusta
1427 877 1492 913 illa
1509 883 1577 913 tua

140 944 265 994 figura
291 943 519 989 admonitus,
540 956 681 994 paucos
701 943 907 982 versiculos
936 943 1022 989 lusi,
1044 942 1168 980 Musis
1196 948 1235 978 et
1256 938 1437 989 Apolline
1458 935 1577 981 nullo,

140 1003 264 1041 fateor
283 1003 471 1054 equidem,
491 1004 561 1042 sed
579 1017 602 1042 a
619 1004 814 1055 proposito
840 1011 969 1042 tamen
996 1010 1126 1041 nostro
1154 1014 1230 1039 non
1258 1000 1416 1038 alienos.
1472 997 1580 1034 Hac-

140 1070 248 1102 tenus
269 1065 552 1102 Demosthenes
576 1063 918 1116 βεβαρβαρωμὲνος
949 1067 1005 1115 (ut
1032 1063 1155 1111 vides)
1185 1064 1332 1115 χρόνιος
1361 1062 1410 1097 ὢν
1429 1059 1467 1096 ἔν
1486 1056 1580 1105 βαρ-

142 1123 289 1175 βάροις,
317 1125 640 1175 quemadmodum
670 1125 897 1176 Euripideus
925 1125 987 1162 ille
1007 1124 1212 1162 Menelaus
1231 1137 1240 1160 τ
1268 1121 1367 1160 adeo
1387 1126 1428 1156 ut
1448 1117 1580 1168 λιτιέρ-

141 1201 210 1231 σην
229 1197 367 1222 canere
386 1185 525 1235 potius,
544 1199 658 1236 quam
677 1188 868 1230 ἀττικίζειν
887 1186 1072 1224 videatur.
1129 1184 1207 1222 Sed
1236 1191 1278 1220 tu
1306 1194 1377 1232 pro
1406 1178 1581 1216 humani-

138 1252 217 1283 tate
236 1252 314 1291 tua,
335 1253 374 1283 et
394 1247 583 1297 discipulo
602 1254 642 1284 et
667 1247 847 1297 magistro
872 1247 1072 1297 ignosces:
1102 1253 1141 1283 et
1162 1252 1379 1293 utrumque,
1408 1248 1450 1277 ut
1469 1238 1577 1283 facis,

142 1307 450 1344 commendatum
482 1307 651 1345 habebis.
707 1308 817 1356 Vale,
845 1308 1019 1346 Luteciae
1048 1306 1289 1350 Parisiorum,
1313 1306 1374 1343 19.
1396 1299 1579 1351 Augusti,

146 1368 262 1405 Anno
284 1370 398 1407 1550-

215 1485 278 1521 Ad
294 1486 424 1522 nobiles
442 1492 477 1522 et
497 1486 700 1536 magnificos
719 1488 827 1532 viros,
849 1488 986 1524 'virtute
1006 1492 1041 1523 et
1061 1486 1259 1523 autoritate
1274 1487 1501 1533 praestantes,

184 1553 399 1590 Hainricum
419 1554 706 1605 Rechlingerum,
730 1554 1021 1604 Christophorum
1041 1555 1302 1605 Peitingerum,
1323 1552 1524 1589 duumviros
1539 1563 1551 1585 .·

259 1622 308 1658 Et
323 1623 371 1659 ad
391 1622 559 1660 Consules
578 1636 619 1660 ac
639 1622 812 1660 Senatum
831 1624 968 1672 inclytae
986 1624 1208 1673 Augustauoe
1228 1620 1445 1670 Reipublicae
1459 1633 1471 1654 .-

342 1692 515 1730 Dominos
539 1706 580 1730 ac
601 1698 776 1742 patronos
793 1706 927 1730 summa
954 1693 1181 1730 observantia
1210 1691 1382 1734 colendos,

495 1786 931 1834 HIERONYMI
970 1785 1237 1833 WOLFII

410 1885 457 1922 In
485 1886 756 1922 Demosthenem
777 1891 812 1921 et
832 1885 1030 1922 AOEsclzz'nem
1052 1884 1312 1921 Groecolatinos

711 1962 903 1999 PRAEFA
911 1962 969 1999 TI
971 1962 1014 1998 O.

203 2057 247 2094 S1
278 2063 382 2093 tanta
410 2062 511 2093 esset
540 2055 577 2091 in
604 2067 666 2092 me
696 2054 876 2105 sapientis
903 2055 1128 2106 eloquentiae
1148 2054 1323 2101 facultas,
1344 2055 1409 2093 viri
1436 2056 1591 2107 amplis-

148 2117 242 2162 simi,
256 2117 395 2153 domini
412 2124 451 2153 et
470 2116 616 2166 patroni
638 2116 800 2162 colendi,
818 2123 1001 2166 quantum
1023 2116 1131 2154 studii
1153 2125 1191 2153 et
1210 2116 1349 2154 laboris
1369 2118 1415 2154 ab
1432 2117 1588 2154 ineunte

149 2185 263 2215 aetate
291 2177 327 2213 in
356 2177 456 2212 hunc
484 2190 604 2227 usque
629 2177 729 2214 diem
759 2177 933 2214 conferre
962 2177 998 2213 in
1018 2190 1102 2214 eam
1122 2190 1200 2214 rem
1230 2191 1423 2228 nunquam
1444 2178 1585 2222 destiti,

149 2239 241 2276 nihil
261 2238 361 2289 prius
382 2238 470 2274 mihi
491 2245 604 2283 esset,
624 2245 686 2274 aut
706 2238 824 2288 magis
844 2251 894 2275 ex
921 2237 1040 2274 officio
1060 2251 1158 2284 meo,
1180 2251 1292 2288 quam
1313 2246 1475 2276 vestram
1497 2252 1589 2289 erga

149 2312 210 2337 me
230 2299 522 2336 beneficentiam
552 2299 760 2343 celebrare,
781 2306 819 2335 et
831 2299 943 2347 justis
959 2298 1091 2336 efferre
1111 2299 1285 2337 laudibus
1305 2313 1391 2337 cum
1407 2314 1486 2345 vos,
1508 2307 1589 2338 tum

151 2360 441 2410 Rempublicam
471 2367 645 2396 vestram.
713 2359 840 2404 Nunc,
871 2373 956 2397 cum
986 2359 1170 2410 sapientia
1196 2360 1272 2398 Dei
1293 2361 1434 2398 donum
1462 2361 1522 2406 sit,
1553 2368 1592 2398 et

150 2428 332 2465 oratores,
353 2427 394 2457 ut
414 2426 451 2458 et
469 2428 605 2471 poetae,
626 2434 701 2457 non
722 2428 798 2458 tam
819 2421 923 2466 fiant,
949 2433 1060 2470 quam
1092 2428 1318 2459 nascantur:
1347 2435 1433 2459 meo
1453 2435 1513 2460 me
1534 2425 1592 2473 (ut

151 2481 361 2531 prudenter
383 2481 565 2518 Horatius
583 2481 778 2531 proecepit)
809 2481 964 2518 modulo
993 2495 1038 2518 ac
1067 2482 1167 2531 pede
1196 2483 1369 2527 metiens,
1397 2483 1486 2519 nihil
1515 2483 1590 2520 tale

152 2541 279 2578 conari
299 2541 444 2579 audeo:
477 2554 561 2578 cum
581 2542 791 2591 praesertim
811 2550 936 2579 vestra
955 2543 1056 2586 urbs,
1075 2549 1155 2579 toto
1175 2550 1357 2580 terrarum
1379 2544 1469 2580 orbe
1489 2544 1590 2581 eele-

152 2602 240 2648 bris,
273 2616 400 2653 neque
427 2603 531 2647 meis,
562 2616 687 2653 neque
716 2606 938 2653 cujusquam
968 2603 1122 2640 alterius
1151 2604 1351 2654 praeconiis
1382 2611 1520 2654 egeat:
1551 2611 1591 2641 et

152 2676 232 2709 vos,
258 2676 326 2714 pro
352 2670 477 2700 vestra
506 2663 703 2714 sapientia,
733 2676 884 2701 omnem
913 2662 1022 2700 officii
1056 2663 1235 2708 fructum,
1270 2664 1391 2714 ipsum
1423 2663 1587 2701 officium

150 2724 335 2775 praeclare
348 2724 541 2772 judicetis.
600 2724 698 2760 lllud
718 2731 866 2761 tanturn
887 2723 987 2767 dico,
1008 2731 1131 2761 vestra
1152 2724 1375 2762 liberalitate
1405 2731 1443 2761 et
1464 2725 1588 2761 muni..

156 2785 310 2823 licentia
329 2785 364 2822 id
387 2785 473 2821 mihi
496 2784 713 2834 contigisse,
733 2786 833 2835 quod
854 2785 901 2822 ab
922 2785 1076 2821 ineunte
1105 2792 1233 2829 aetate,
1264 2798 1342 2835 pree
1370 2785 1448 2821 aliis
1479 2786 1591 2823 rebus

156 2847 340 2893 omnibus,
366 2847 402 2883 in
424 2847 518 2884 votis
549 2859 699 2896 semper
724 2846 849 2892 habui,
870 2845 988 2883 otium
1009 2845 1334 2896 philosophicum:
1366 2845 1401 2882 in
1422 2859 1496 2895 quo
1515 2860 1586 2884 nec
