1824 3171
447 160 529 199 AD
561 160 722 199 SUUM
752 161 1048 200 DEMOSTH.
1079 162 1325 201 PRAEFAT.
1496 166 1636 204 lxxxix

229 264 285 314 a.]
309 263 396 302 Sive
411 262 545 301 Codex
565 261 867 300 Morelianorum
886 262 1025 313 primus
1047 276 1093 300 eo
1110 263 1240 313 utique
1262 264 1389 302 indice
1407 266 1441 301 in
1463 267 1635 318 margine

173 329 254 374 ejus
274 324 450 363 editionis
470 332 635 369 notatus,
652 324 777 361 locum
799 325 917 361 habet
933 323 1049 361 hodie
1068 324 1106 361 in
1125 324 1357 362 bibliotheca
1376 326 1500 375 Regia
1515 331 1633 367 2190.

172 387 360 425 Plurimas
395 385 673 424 Demosthenis
710 385 903 423 orationes
934 385 1198 436 complectitur
1228 398 1314 423 cum
1347 385 1523 432 Scholiis,
1555 389 1632 426 sive

171 447 320 499 glossis,
352 448 540 486 hactenus
572 447 737 485 ineditis.
804 447 968 484 Videtur
998 446 1131 485 seculo
1161 446 1312 484 decimo
1339 454 1462 493 sexto,
1490 456 1556 486 aut
1584 462 1631 488 eo

169 509 323 547 circiter
341 509 459 547 fuisse
488 516 682 548 exaratus.

219 635 279 686 β.]
309 636 445 675 Hodie
478 640 598 677 2189.
641 636 779 675 Codex
806 637 964 688 probus,
999 638 1119 676 seculi
1151 637 1358 675 undecimi.
1426 638 1632 677 Orationes

165 698 280 748 paulo
313 698 441 749 plures
482 698 765 749 complectitur,
803 711 917 749 quam
950 700 1189 749 praecedens.
1260 699 1511 737 Praemittitur
1541 700 1632 738 Vita

165 759 444 798 Demosthenis
463 761 665 805 anecdota,
683 772 706 797 a
721 759 876 797 Zosimo
893 760 1121 799 Ascalonita
1140 761 1384 811 conscripta:
1406 761 1480 798 alia
1499 774 1629 799 rursus

165 822 213 859 ab
233 835 427 874 anonymo
446 822 627 874 quodam.
684 821 762 859 Eas
789 821 920 873 utique
941 823 991 860 ad
1014 836 1119 861 meos
1150 836 1239 861 usus
1260 822 1470 874 descriptas
1497 823 1630 874 quinto

167 884 281 935 hujus
301 885 427 937 operis
446 884 627 924 volumini
646 884 851 922 reservavi.

219 1005 276 1054 γ.]
302 1004 433 1044 Hodie
452 1006 571 1047 2270.
601 1005 787 1044 Continet
806 1005 1015 1045 duodecim
1046 1006 1253 1054 orationes,
1284 1019 1384 1045 anno
1417 1009 1533 1046 1480.
1565 1007 1631 1046 de-

165 1066 341 1118 scriptas.

216 1186 266 1236 δ.]
295 1187 505 1239 Exemplar
530 1188 646 1233 istud,
668 1195 855 1238 quantum
885 1187 1026 1225 elicere
1055 1187 1260 1238 possimus,
1287 1186 1447 1224 duarum
1474 1193 1625 1224 tantum

161 1254 219 1286 est
234 1249 460 1294 orationum,
481 1262 533 1287 sc.
555 1249 602 1287 de
624 1250 735 1287 Falsa
755 1248 973 1299 Legatione
994 1256 1034 1286 et
1047 1255 1184 1287 contra
1197 1248 1377 1285 Midiam.
1427 1249 1553 1290 Quem
1573 1248 1628 1286 lo-

161 1323 247 1348 cum
266 1311 382 1348 hodie
402 1311 562 1356 obtinet,
584 1325 661 1362 qua
680 1318 795 1350 aetate
821 1311 1072 1362 descriptum,
1093 1318 1160 1349 aut
1179 1324 1255 1362 qua
1276 1311 1430 1348 demum
1460 1310 1509 1348 sit
1528 1323 1627 1362 prae-

159 1371 313 1418 stantia,
332 1372 595 1423 pervestigare
615 1385 784 1423 nequeo.

210 1499 257 1548 ε.]
287 1499 417 1537 Hodie
437 1503 556 1538 2188.
588 1500 714 1538 codex
741 1498 920 1550 optimus,
946 1499 985 1536 in
1013 1512 1090 1550 quo
1119 1506 1221 1538 totus
1247 1499 1534 1539 Demosthenes
1555 1500 1622 1538 de-

160 1561 348 1608 scribitur,
368 1563 487 1601 seculi
507 1562 648 1601 decimi
669 1562 782 1600 tertii.
1099 1561 1109 1570 ³

209 1690 260 1739 ζ.]
290 1690 422 1729 Hodie
448 1694 566 1732 3276.
598 1691 813 1743 Exemplar
841 1703 990 1735 recens,
1012 1695 1150 1740 utpote
1179 1688 1313 1727 seculo
1342 1688 1493 1727 decimo
1513 1695 1621 1727 sexto

156 1759 368 1798 exaratum,
391 1753 563 1792 continet
589 1753 783 1792 orationes
809 1754 848 1792 in
876 1751 1097 1804 Leptinem,
1119 1751 1167 1788 de
1189 1751 1346 1789 Corona
1365 1758 1404 1788 et
1431 1750 1478 1789 de
1508 1751 1622 1790 Falsa

155 1813 385 1866 Legatione.

207 1935 262 1985 η.]
292 1936 429 1974 Codex
446 1936 701 1987 praestantior,
722 1936 841 1976 seculi
861 1933 1094 1974 duodecimi.
1150 1932 1315 1971 Videtur
1339 1932 1458 1970 hodie
1476 1932 1530 1970 ita
1550 1932 1617 1970 de-

156 1997 311 2049 signari,
332 2011 384 2036 sc.
404 2000 525 2040 2772.

211 2123 267 2174 9.]
298 2124 431 2162 Hodie
450 2127 554 2165 2187
562 2154 570 2163 .
601 2124 718 2162 Plura
735 2124 1020 2175 complectitur.
1067 2123 1219 2168 Codex,
1243 2121 1299 2160 uti
1320 2133 1343 2160 a
1360 2120 1454 2158 Viro
1475 2119 1616 2158 doctis-

155 2185 250 2224 simo
269 2185 509 2232 describitur,
532 2199 620 2224 cum
640 2185 795 2238 optimis
819 2184 1093 2231 numerandus,
1117 2183 1347 2222 duodecimo
1370 2181 1503 2220 seculo
1523 2193 1614 2219 exa-

155 2254 276 2286 ratus.

211 2367 357 2417 Obsop]
400 2368 612 2420 Exemplar
640 2367 874 2406 admirandae
898 2365 1113 2410 vetustatis,
1141 2363 1268 2402 verbis
1296 2370 1385 2401 utor
1413 2362 1613 2413 Obsopoei.

153 2428 258 2466 Illud
277 2429 409 2479 utique
431 2430 548 2467 Anno
571 2432 686 2468 1533.
708 2442 794 2467 cum
816 2428 985 2466 editione
1007 2426 1153 2464 Aldina
1171 2424 1336 2463 contulit
1356 2424 1426 2462 Vir
1444 2424 1509 2462 ille
1530 2437 1614 2461 eru-

150 2490 270 2535 ditus,
300 2490 500 2542 multaque
529 2490 629 2528 inter
657 2490 935 2529 conferendum
969 2488 1065 2526 scite
1095 2487 1324 2525 observavit.
1385 2486 1444 2524 Ea
1471 2485 1613 2536 primus

151 2552 311 2604 protulit
341 2552 503 2591 Hieron.
532 2552 713 2599 WVolfius‚
739 2552 804 2603 qui
830 2551 1027 2602 exemplar
1057 2548 1300 2587 Pannonium
1328 2547 1528 2586 nominare
1558 2546 1611 2584 vi·

154 2615 279 2652 detur.

205 2743 323 2794 Aug]
353 2744 566 2794 Exemplar
585 2750 624 2781 et
646 2749 761 2781 aetate
788 2749 829 2780 et
857 2741 934 2779 fide
961 2739 1300 2791 spectatissimum,
1329 2737 1379 2775 ad
1403 2737 1608 2781 civitatem,

153 2817 239 2855 quae
260 2806 442 2855 Augusta
463 2804 752 2843 Vindelicorum
779 2803 929 2848 dicitur,
958 2802 1169 2853 pertinens.
1225 2798 1500 2838 Demosthenis
1528 2798 1610 2835 fere

154 2866 282 2904 omnia
301 2868 579 2918 complectitur.
637 2866 895 2919 Excipiuntur
921 2866 1022 2904 enim
1051 2863 1290 2902 solummodo
1315 2861 1497 2912 epistolae,
1525 2872 1610 2897 ora-

154 2928 278 2965 tiones
298 2927 468 2967 funebris
483 2936 522 2967 et
537 2929 736 2976 amatoria,
754 2928 914 2967 exordia
929 2926 1174 2973 concionum,
1192 2932 1231 2963 et
1246 2923 1400 2975 plivatae
1419 2920 1609 2959 orationes

208 3001 305 3028 ΥΟΕ.
338 3002 365 3028 Ι.
942 3003 975 3025 m
