1824 3171
134 75 235 112 xxxii
574 78 904 118 HIERONYMI
937 79 1136 117 WOLFII

484 245 920 296 HlERONYMI
958 248 1226 296 WOLFII

183 358 246 394 Ad
264 358 450 397 Eusebium
473 362 695 412 Episcopium
716 364 930 402 industrium
951 371 985 402 et
1005 366 1230 415 magnificum
1253 363 1526 413 Typograplmm

514 450 558 487 In
579 452 700 488 varias
720 452 884 488 lectiones
907 451 1196 488 Demosthenicas

761 521 952 571 I'rtlfHHO.

190 600 465 640 leTiTUTUM
498 611 617 649 tuum,
649 605 726 641 viro
756 606 857 642 bono
884 613 923 642 et
943 604 1067 649 docto,
1097 610 1135 641 ct
1164 610 1231 640 tuo
1263 614 1413 652 quoque
1438 613 1582 651 cogno-

134 660 233 698 mine
255 662 409 711 dignum
433 665 550 714 (quod
573 669 672 716 παριὶ
695 666 733 703 τὸ
753 667 962 703 ἐπισκοπεῖν
981 665 1062 702 fieri
1093 664 1181 712 scis)
1201 677 1278 700 non
1309 662 1422 699 modo
1441 662 1582 698 multos

136 729 174 758 et
195 723 415 772 magnificos
446 733 620 763 autores:
655 727 724 764 sed
753 735 792 764 et
821 734 954 765 ornate
976 735 1015 764 et
1035 726 1250 770 emendate,
1279 738 1365 762 cum
1396 723 1584 762 accuratis

135 781 336 828 indicibus,
368 786 522 823 eosdem
545 788 580 823 in
609 788 800 837 publicum
828 789 980 834 edendi,
1001 800 1238 837 magnopere
1264 787 1407 837 probo:
1439 785 1584 836 tibique

137 851 176 880 et
203 844 437 882 fructuosum
470 855 509 884 et
536 848 637 885 laudi
671 849 915 900 sempiternae
947 849 1029 885 fore
1063 848 1227 884 confido.
1283 848 1386 884 Inter
1420 859 1512 896 quos
1546 852 1585 883 et

138 903 482 943 Demosthenicum
513 908 586 945 hoc
606 923 713 959 opus,
735 917 893 960 propter
912 921 1097 945 summam
1119 907 1315 956 utriusque
1342 907 1500 944 oratoris
1521 919 1586 943 au-

139 965 341 1011 toritatem,
376 981 452 1004 non
482 976 698 1018 postremas
726 984 810 1008 esse
838 971 1017 1014 laturum,
1041 975 1339 1007 consentaneum
1371 974 1439 1004 est.
1497 968 1587 1009 Quo

135 1025 318 1064 libentius
341 1028 453 1065 etiam
475 1037 590 1067 rectae
609 1031 792 1069 voluntati
814 1039 902 1076 tuae,
924 1037 962 1068 et
981 1030 1033 1067 D.
1056 1029 1251 1067 Theodori
1272 1027 1461 1078 Zwingeri
1481 1040 1589 1065 acer-

134 1089 230 1126 rimo
255 1090 412 1138 judicio,
445 1089 681 1141 perlegendo
712 1100 751 1130 et
779 1093 1016 1130 conferendo
1037 1099 1077 1129 et
1106 1090 1352 1141 excerpendo
1372 1089 1588 1127 Luteciano

139 1151 420 1195 Demosthene,
443 1165 588 1190 morem
619 1154 732 1203 gessi,
756 1155 926 1205 quamvis
947 1161 986 1192 et
1015 1152 1211 1204 perpetuis
1237 1152 1433 1190 laboribus
1451 1151 1588 1196 fessus,

139 1221 178 1250 et
197 1213 307 1250 variis
337 1213 476 1250 morbis
497 1228 605 1264 paene
626 1215 841 1254 confectus.
899 1216 962 1253 Ac
984 1215 1088 1265 quod
1108 1214 1313 1264 Ulpianum
1334 1212 1479 1257 attinet,
1501 1211 1590 1249 Mo-

139 1274 253 1311 relius
282 1288 357 1311 non
385 1275 520 1312 malain
553 1277 703 1314 navavit
724 1291 892 1328 operam,
923 1289 1086 1326 eumque
1108 1275 1216 1313 nobis
1247 1282 1285 1312 et
1316 1274 1522 1312 auctiorem
1552 1280 1592 1310 et

142 1336 258 1386 paulo
280 1337 547 1374 correctiorem
576 1338 772 1375 exhibuit:
808 1340 918 1388 cujus
948 1337 1160 1375 editionem
1188 1337 1226 1373 in
1255 1334 1505 1387 exprimendo
1531 1347 1591 1371 se-

142 1396 269 1447 quaris
289 1396 443 1434 licebit:
475 1399 708 1446 conjecturis
727 1406 854 1437 tamen
876 1399 989 1437 etiam
1010 1399 1148 1436 nostris
1166 1398 1210 1448 (si
1231 1396 1434 1445 videbitur)
1454 1396 1594 1434 alicubi

141 1458 334 1496 adhibitis.
393 1459 549 1496 Scholia
569 1473 735 1510 quoque,
757 1461 827 1498 etsi
848 1461 1031 1511 pleraque
1052 1474 1129 1497 non
1150 1460 1275 1509 magni
1300 1457 1493 1500 momenti,
1515 1456 1595 1508 qui-

141 1520 212 1556 bus
234 1520 347 1569 longe
369 1520 475 1570 plura
502 1521 688 1570 (fortassis
720 1530 758 1559 et
785 1522 957 1570 meliora)
976 1535 997 1559 e
1017 1519 1324 1571 Lexicographis
1352 1518 1478 1569 colligi
1506 1531 1593 1569 pos-

137 1590 233 1627 sent,
263 1582 441 1632 equidem
462 1597 537 1620 non
568 1584 723 1631 rejicio:
756 1597 891 1621 vereor
921 1591 1063 1628 tamen,
1094 1597 1143 1620 ne
1163 1583 1227 1632 qui
1255 1595 1315 1619 me
1334 1581 1506 1625 rideant,
1529 1580 1592 1631 qui

138 1644 349 1681 istiusmodi
384 1647 699 1695 λεπτολογιᾌιιατα
730 1645 978 1683 conversione
1008 1658 1094 1682 mea
1127 1644 1305 1694 dignatus
1335 1642 1428 1679 sim:
1467 1655 1589 1692 eoque

144 1706 278 1756 magis,
307 1706 409 1755 quod
440 1707 476 1742 in
498 1707 761 1744 declaratione
786 1708 1002 1752 verborum,
1034 1720 1121 1744 cum
1149 1705 1348 1755 utriusque
1378 1704 1533 1754 linguae,
1555 1703 1594 1740 in

145 1766 398 1817 etyniologiiS,
431 1767 742 1813 derivationibus,
773 1767 1128 1818 significationibuS,
1150 1766 1189 1803 in
1215 1764 1414 1810 translatis,
1435 1777 1597 1816 synony-

145 1829 229 1879 mis,
252 1828 465 1873 contrariis,
489 1830 849 1874 constructionibus,
871 1829 908 1866 in
936 1829 1017 1866 aliis
1037 1828 1309 1878 compluribus,
1332 1826 1481 1863 diversa
1501 1825 1597 1863 ratio

144 1889 210 1927 sit:
232 1889 385 1940 ineptiae
405 1897 444 1926 et
463 1903 575 1939 nugae
597 1890 727 1928 inanes
747 1891 855 1928 vitari
881 1891 945 1928 vix
965 1897 1135 1941 possunt.
1193 1889 1293 1927 Nam
1314 1888 1453 1925 Graeca
1473 1901 1521 1925 ex
1543 1887 1597 1925 al-

145 1959 227 1989 tero
247 1952 364 1988 latere
387 1951 471 1995 sita,
494 1951 642 1989 Latinis
671 1953 895 1997 admiscere,
926 1952 1095 2003 quamvis
1116 1965 1225 2002 aeque
1254 1951 1441 2001 ineptum,
1469 1957 1595 1988 tamen

147 2013 287 2052 alicubi
307 2013 426 2051 vitare
446 2026 523 2051 non
542 2014 672 2052 licuit:
704 2015 809 2065 quod
829 2014 1068 2052 Scholiastes
1088 2014 1172 2058 iste,
1203 2012 1369 2062 quisquis
1389 2012 1474 2057 fuit,
1496 2024 1598 2062 saepe

147 2077 301 2114 nimium
333 2076 474 2113 diffisus
508 2076 696 2114 lectorum
724 2076 899 2126 ingeniis,
931 2076 1200 2114 elementarios
1230 2086 1369 2125 pueros
1403 2073 1600 2111 docendos

149 2137 274 2188 potius
303 2137 516 2186 suscepisse
536 2137 701 2182 videtur,
731 2150 844 2188 quam
874 2137 1104 2187 eloquentiae
1135 2134 1449 2172 Demosthenicae
1474 2134 1600 2171 candi-

150 2201 274 2244 datos.
336 2199 413 2235 Sed
435 2205 519 2235 utut
538 2199 596 2243 sit,
619 2212 692 2248 ego
712 2198 803 2234 nihil
822 2198 869 2235 ab
887 2198 965 2235 ullo
986 2197 1130 2234 editum
1148 2196 1184 2233 in
1204 2196 1278 2234 hoc
1298 2208 1427 2246 opere,
1448 2203 1602 2246 praeter-

150 2262 206 2298 ire
228 2259 325 2297 volui
345 2273 353 2296 :
395 2272 479 2296 cum
506 2273 581 2297 non
603 2259 790 2310 ignorem,
813 2272 872 2304 ea,
892 2272 975 2308 quee
996 2258 1166 2309 plerique
1188 2257 1289 2294 docti
1309 2257 1376 2293 viri
1397 2270 1464 2308 pro
1484 2257 1601 2294 nihilo

153 2324 314 2366 ducunt,
347 2334 367 2358 a
389 2321 552 2371 quodam
580 2334 654 2358 non
684 2328 886 2372 postremae
908 2327 1008 2357 notae
1028 2319 1243 2370 professore
1264 2331 1403 2368 magno
1434 2331 1520 2356 cum
1541 2331 1602 2356 su-

151 2385 308 2437 percilio
339 2390 376 2420 et
412 2383 665 2420 ostentatione
697 2383 893 2433 exquisitae
922 2381 1131 2431 diligentiae
1164 2388 1281 2431 atque
1314 2379 1498 2417 doctrinae
1532 2393 1602 2430 pro

154 2453 335 2497 suggesto
365 2444 481 2481 fuisse
511 2445 726 2495 decantata,
749 2444 806 2480 vel
826 2443 1025 2493 deplorata
1051 2442 1175 2493 potius
1199 2455 1245 2479 ac
1276 2442 1449 2485 clamata,
1471 2448 1512 2478 ut
1532 2440 1608 2477 fuit

152 2508 325 2560 ἐμπαθὴς
355 2507 416 2543 ille
437 2507 644 2543 homuncio
664 2512 702 2542 et
719 2505 887 2555 quamvis
916 2518 1013 2555 pene
1041 2504 1254 2548 edentulus,
1283 2501 1602 2544 mordacissimus,

156 2579 195 2609 et
214 2571 251 2606 in
273 2569 408 2606 canina
429 2568 607 2605 facundia
626 2571 714 2617 (qua
743 2566 853 2603 nimis
883 2566 1095 2616 petulanter
1114 2572 1150 2601 et
1171 2565 1205 2601 in
1234 2577 1295 2601 mc
1323 2571 1361 2601 et
1385 2563 1424 2599 in
1454 2563 1545 2599 ulios
1566 2571 1604 2599 ct

158 2647 218 2671 me
245 2639 283 2670 et
308 2645 347 2668 se
368 2632 482 2680 longe
510 2629 702 2667 doctiores
723 2636 762 2665 et
781 2628 959 2665 clariores
985 2627 1083 2663 viros
1115 2626 1287 2662 invectus
1317 2626 1394 2671 est)
1415 2624 1604 2661 exercita-

157 2695 336 2738 tissimus,
358 2700 406 2738 et‚
431 2705 516 2730 cuin
539 2691 665 2741 lippus
686 2697 800 2732 esset,
829 2690 867 2725 in
893 2687 1167 2738 perspiciendis
1188 2686 1354 2723 omnium
1376 2685 1603 2735 scriptorum

162 2756 350 2795 erroribus
371 2769 415 2791 ac
436 2754 531 2791 vitiis
553 2751 802 2790 acutissimus.
860 2750 932 2791 Qui
962 2749 1116 2799 quidem
1137 2755 1239 2785 recte
1266 2747 1334 2784 sibi
1364 2746 1474 2791 cavit,
1503 2746 1605 2795 quod

163 2818 253 2857 nihil
270 2818 304 2854 in
327 2816 518 2867 publicum
541 2813 679 2852 edidit:
698 2817 747 2863 μὴ
765 2829 794 2848 τι
814 2810 914 2863 πάθῃ
938 2814 975 2848 ro
997 2812 1023 2846 κ’
1048 2811 1153 2860 ἔριζε·
1177 2809 1254 2854 sim}
1274 2810 1299 2845 τ’
1322 2807 1416 2846 ἱΞίῑα
1443 2811 1607 2855 γένηται.
