1824 3171
103 123 152 150 xc
668 103 702 140 1.
731 99 985 140 TAYLORI

105 210 289 262 quinque.
334 207 523 248 Codicem
543 206 647 245 illum
666 204 705 243 in
719 203 851 242 Wolfii
870 214 980 241 usum
997 200 1046 240 ad
1065 199 1252 238 minorem
1274 194 1562 247 Hervagianem

110 271 312 323 diligenter
330 270 465 320 exegit
486 269 591 308 Simo
611 267 808 306 Fabricius
830 264 1210 316 Marcopibertanus,
1233 262 1418 299 Francus.
1466 258 1565 297 Vide

111 332 277 371 Hieron.
299 332 431 370 Wolfii
450 331 581 369 literas
606 327 906 380 nuncupatorias
932 326 982 365 ad
1005 326 1187 364 Senatum
1209 325 1451 374 Augustanae
1471 320 1567 371 reip.

112 395 236 441 datas,
256 394 386 432 literas
405 393 498 430 item
520 391 683 430 Simonis
710 389 889 435 Fabricii,
911 389 1024 437 hujus
1053 387 1198 425 codicis
1218 385 1449 424 variantibus
1468 396 1567 434 prae-

112 455 224 501 fixas,
255 467 370 507 supra
401 467 489 504 pag.
526 453 637 490 lxxiii
665 465 771 502 seqq.
802 463 915 501 porro
942 456 1084 494 autem,
1113 448 1334 493 Reiserum,
1365 446 1569 484 Hoesche·

113 517 220 564 lium,
239 524 280 555 et
301 515 550 566 Ebfflgcrum,
579 513 645 567 qui
665 513 714 551 de
742 510 978 550 bibliotheca
1003 509 1111 548 istius
1131 507 1292 547 civitatis
1322 506 1569 545 commentati

113 585 217 620 sunt.

168 695 278 744 leat]
308 693 442 734 Codex
462 694 635 740 Italicus,
656 700 774 745 atque
793 692 897 731 haud
916 692 1010 739 scio,
1029 703 1154 730 annon
1174 704 1224 729 ex
1245 689 1391 729 ditione
1406 688 1570 732 Veneta,

116 770 206 797 cum
224 756 394 796 editione
424 755 571 793 Aldina
598 760 852 806 comparatus.
908 754 972 792 De
993 767 1070 806 quo
1090 752 1181 792 nihil
1200 759 1391 805 praeterea
1410 750 1574 789 Franco-

114 818 321 865 furtenses,
337 817 403 869 qui
422 817 602 855 videntur
621 816 730 868 primi
749 815 984 855 adhibuisse.

184 934 352 984 Vindob]
374 934 511 973 Codex
525 933 814 985 Angustissimae
828 930 1138 970 Vindobonensis
1152 928 1421 974 Bibliothecae,
1437 927 1580 965 Nesse-

123 997 174 1035 lio
194 995 484 1047 philosophicus
510 1007 662 1046 graecus
682 994 771 1032 Par.
792 993 865 1031 IV.
885 993 936 1030 N.
956 991 1084 1030 LXX.
1113 990 1379 1043 bombycinuS,
1401 996 1441 1026 et
1464 989 1578 1026 bonae

122 1066 238 1103 notae,
258 1057 298 1094 in
317 1057 422 1103 folio,
443 1064 624 1094 constans
651 1056 753 1094 soliis
783 1054 960 1093 ducentis
980 1053 1136 1104 triginta
1154 1066 1305 1090 novem.
1360 1051 1480 1088 Liber
1499 1050 1578 1095 ille,

124 1119 190 1171 qui
209 1118 389 1170 plurimas
410 1118 604 1156 orationes
625 1117 910 1169 complectitur,
932 1116 1090 1157 diversae
1110 1122 1168 1154 est
1188 1114 1338 1153 aetatis:
1371 1113 1472 1151 Nam
1491 1118 1582 1163 post

125 1180 337 1219 orationem
357 1180 407 1218 de
424 1179 670 1218 Rhodiorum
687 1179 868 1217 libertate
884 1178 1018 1230 incipit
1033 1176 1281 1229 perantiquus
1298 1175 1497 1213 character
1517 1173 1584 1211 de-

125 1242 214 1281 cimi
235 1240 390 1280 circiter
411 1241 543 1287 seculi,
560 1254 636 1292 quo
659 1248 811 1279 caeterae
827 1240 1009 1290 deinceps
1025 1238 1218 1277 orationes
1237 1238 1312 1274 hoc
1330 1236 1464 1274 codice
1478 1247 1582 1273 com-

123 1304 324 1355 prehensae
344 1309 564 1340 exarantur.
611 1302 733 1339 Hunc
753 1302 877 1352 gratia
895 1309 934 1339 et
954 1302 1176 1338 interventu
1196 1297 1431 1336 Nobilissimi
1453 1295 1583 1335 Comi·

128 1365 177 1403 tis
198 1365 498 1409 GRANVILLII,
519 1364 559 1399 in
586 1375 697 1400 usum
716 1375 845 1400 meum
867 1361 1149 1400 accuratissime
1170 1359 1332 1399 contulit
1357 1359 1585 1399 Dominicus

124 1425 346 1470 Bricherius
367 1424 578 1464 Columbus
597 1423 630 1464 I.
651 1423 695 1466 F.
717 1422 906 1463 Patricius
927 1421 1167 1464 Finariensis.

184 1551 338 1600 Baroc.]
368 1550 507 1590 Codex
528 1550 669 1588 Baroc.
689 1549 807 1587 Num.
823 1549 1016 1589 LXXIII.
1036 1548 1218 1587 tredecim
1233 1547 1382 1586 circiter
1396 1547 1589 1585 orationes

132 1613 335 1652 continens
351 1625 438 1651 cum
459 1611 623 1663 epistola
641 1611 776 1662 prima.
815 1611 998 1650 Scribitur
1016 1611 1056 1648 in
1077 1611 1209 1648 charta
1226 1608 1468 1661 bombycina,
1487 1608 1589 1646 foliis

135 1673 314 1713 ducentis
329 1673 532 1724 sexaginta
551 1672 715 1719 duobus,
733 1680 848 1724 atque
861 1672 912 1711 ad
930 1672 1104 1712 seculum
1122 1672 1204 1712 fere
1225 1670 1419 1711 decimum
1437 1669 1593 1709 tertium

135 1742 203 1781 aut
220 1741 398 1786 quartum
417 1733 597 1786 assurgit.

190 1862 456 1914 Lindenbrog]
490 1862 626 1901 Codex
646 1862 827 1914 optimus,
844 1862 915 1901 sed
933 1862 1090 1900 incertae
1108 1860 1253 1914 patriae,
1265 1862 1374 1909 cujus
1388 1858 1594 1898 varietates

137 1925 329 1976 decerpsit
362 1925 475 1962 Fred.
508 1924 833 1975 Lindenbrogius,
867 1930 982 1974 atque
1011 1923 1148 1961 sedulo
1180 1923 1231 1960 ad
1263 1935 1369 1960 oram
1397 1919 1597 1961 adnotavit

137 1986 357 2038 posterioris
387 1985 659 2036 Hervagianae,
690 1985 730 2022 in
757 1985 992 2023 bibliotheca
1016 1985 1111 2036 reip.
1140 1982 1448 2033 Hamburgensis
1468 1981 1599 2019 adser-

136 2055 250 2085 vatae.
306 2047 586 2098 Apographum
607 2047 708 2085 istud
729 2047 854 2085 debeo
882 2046 1106 2084 humanitati
1126 2046 1160 2083 Ι.
1182 2045 1388 2084 Christiani
1408 2044 1537 2082 Wolfii
1558 2044 1598 2081 in

140 2123 188 2147 ea
206 2109 299 2147 urbe
318 2108 550 2146 Professoris
571 2108 824 2155 celeberrimi,
846 2108 912 2160 qui
937 2108 975 2145 in
1003 2122 1066 2146 me
1086 2107 1350 2145 immerentem
1370 2105 1479 2157 plura
1497 2106 1599 2144 ultro

140 2170 284 2208 indicia
312 2169 426 2207 animi
452 2169 631 2208 benevoli
660 2169 835 2207 contulit.
891 2169 1032 2220 Neque
1057 2168 1368 2219 praetereundum
1396 2174 1467 2212 est,
1492 2166 1599 2217 quod

142 2231 363 2283 nuperrime
382 2230 487 2268 aliud
512 2230 684 2271 similiter
707 2231 971 2282 apographum
1002 2229 1173 2278 eJusdem
1194 2228 1336 2267 codicis
1366 2228 1416 2266 ad
1435 2228 1601 2266 candem

142 2294 285 2345 pariter
301 2292 513 2330 editionem
531 2292 754 2330 adnotatum
773 2291 1043 2331 humanissime
1061 2291 1111 2329 ad
1126 2304 1186 2328 me
1202 2290 1409 2329 transmisit
1423 2290 1490 2327 Vir
1503 2303 1602 2341 prae·

144 2352 398 2395 stantissimus
418 2352 604 2392 Kenneth
624 2352 857 2391 Mackenzie
876 2352 976 2392 Iuris
1003 2352 1171 2391 Caesarei
1199 2352 1237 2389 in
1264 2351 1463 2390 academia
1483 2351 1602 2389 Edin-

145 2414 327 2465 burgensi
342 2414 544 2452 Professor
559 2427 567 2452 :
591 2414 713 2464 Cujus
727 2414 894 2456 studium
907 2421 947 2453 et
958 2413 1268 2453 benevolentiam
1280 2413 1353 2452 hac
1365 2419 1475 2464 grata
1488 2411 1605 2451 animi

145 2477 222 2519 mei
240 2475 519 2527 significatione
539 2488 670 2519 carere
690 2475 809 2517 nolui.

208 2602 320 2654 Vera]
356 2603 504 2649 Codex,
525 2610 569 2641 ut
589 2610 766 2641 constare
786 2615 899 2654 posse
919 2601 1094 2648 arbitror,
1117 2601 1246 2639 Sancti
1269 2600 1395 2639 Marci
1418 2600 1605 2638 Veneriis.

151 2664 355 2703 Variantes
384 2664 538 2715 excepit
559 2664 628 2702 Vir
653 2664 851 2702 industriae
875 2671 914 2701 et
940 2663 1031 2701 fidei
1059 2676 1217 2701 summae
1245 2663 1384 2701 Petrus
1419 2662 1604 2708 Pithoeus,

152 2727 264 2776 cujus
284 2726 321 2763 in
342 2738 462 2777 remp.
481 2726 682 2764 literariam
699 2726 832 2764 merita
848 2725 1059 2763 declarabit
1074 2725 1142 2763 tibi
1162 2724 1347 2763 Thuanus
1366 2724 1603 2762 Historicus:

151 2787 211 2826 Ex
233 2787 372 2826 Aldino
392 2787 603 2839 exemplari
623 2787 660 2829 in
680 2787 913 2827 bibliotheca
937 2786 1150 2829 Bodleiana
1177 2787 1355 2833 Oxoniis‚
1378 2786 1440 2825 cui
1469 2800 1517 2827 ea
1535 2785 1603 2829 ad-

151 2849 297 2890 leverat
317 2848 502 2892 Pithoeus.
