1824 3171
116 112 167 137 xx
433 102 465 140 Ι.
493 102 660 143 BERN.
691 103 971 144 FELICIANI
1001 104 1246 145 PRAEFAT.

119 201 228 241 Sicut
244 200 344 240 enim
370 201 436 242 illa
461 205 571 245 variis
596 207 922 247 condimentorum
946 209 1135 249 illecebris
1164 216 1315 261 gustum
1342 208 1450 254 fallit,
1477 220 1552 247 nec

116 261 310 314 permittit,
332 272 373 303 ut
388 266 557 308 ciborum
574 270 749 309 naturalis
765 278 804 308 et
818 271 986 309 sincerus
1002 284 1113 323 sapor
1127 270 1366 323 percipiatur,
1385 271 1436 308 ita
1453 270 1552 308 hane

117 322 228 362 variis
247 327 446 366 verborum
473 328 671 370 lenociniis
699 331 870 382 turpibus
899 338 938 370 et
971 332 1116 381 injustis
1143 333 1254 370 rebus
1282 331 1488 370 honestatis
1513 337 1554 368 et

108 384 268 433 justitiae
285 388 415 439 specie
434 391 606 431 obducta
619 392 844 441 judiciorum
865 393 1129 431 rectitudinem
1149 405 1296 431 omnem
1317 392 1554 442 distorquere

117 459 164 487 ac
180 455 408 496 pervertere.
464 452 519 492 Ut
537 454 599 504 qui
623 453 679 490 bis
699 453 964 498 assentiantur,
986 460 1119 491 contra
1138 466 1250 504 quam
1267 452 1411 503 priores
1429 452 1480 489 illi
1499 452 1555 489 sa-

118 508 286 555 ciebant,
305 510 397 548 nihil
423 512 626 552 admittere
653 513 734 550 sine
758 514 973 563 suspicione
997 514 1123 559 velint,
1149 514 1252 565 quod
1271 512 1424 562 aliquod
1449 512 1488 549 in
1513 525 1555 550 se

116 569 177 608 vel
196 569 389 609 mediocre
409 573 635 624 eloquentiae
655 581 918 611 ornamentum
938 587 984 610 ac
1004 575 1133 611 lumen
1152 587 1231 625 prae
1251 587 1292 611 se
1308 575 1409 611 ferre
1427 572 1555 611 videa-

116 636 190 676 tur,
205 630 532 681 eloquentiamque
546 634 711 669 omnium
732 647 829 682 pene
846 634 1028 668 malornm
1044 634 1080 668 in
1096 647 1231 669 caussa
1243 646 1325 670 esse
1340 634 1555 671 hominibus

117 691 361 729 arbitrentur.
381 691 521 742 quippe
542 704 630 729 cum
649 704 696 729 ea
715 704 830 741 prava
853 704 903 728 ex
928 703 969 729 se
988 690 1049 736 sit,
1070 704 1146 728 non
1164 691 1232 729 nisi
1252 705 1367 742 prave
1385 692 1439 730 uti
1459 693 1558 744 quis-

117 752 220 802 piam
247 751 378 802 possit.
433 751 534 789 Nam
561 752 591 790 si
621 752 671 790 ad
690 764 798 789 veras
824 764 896 797 res,
925 764 1019 802 quas
1044 752 1082 789 in
1111 752 1236 790 animo
1263 753 1461 799 habemus,
1491 766 1558 791 ex-

117 812 346 863 primendas,
364 825 440 850 non
460 813 509 851 ad
520 812 719 863 fingendas
733 813 848 851 falsas
863 820 903 851 et
919 812 1105 851 fucandas
1124 826 1170 852 ea
1188 814 1242 851 uti
1257 814 1451 860 vellemus,
1464 814 1556 853 satis

119 887 430 925 unumquemque
457 874 496 911 in
524 887 572 912 ea
596 888 650 919 re,
675 887 790 926 quam
809 875 910 912 bene
928 874 1043 920 novit,
1065 887 1149 912 esse
1169 875 1412 926 eloquentem
1429 888 1557 926 posse.

119 935 189 972 sed
207 934 334 980 miror,
363 934 394 972 si
413 935 498 972 haec
526 947 672 980 revera,
692 941 730 972 et
749 947 824 973 non
843 934 891 971 ad
906 934 1102 972 hominum
1121 935 1380 986 petulantiam,
1402 935 1558 986 quibus-

120 1008 209 1033 cum
236 995 477 1046 loquebatur,
511 995 784 1046 exagitandam
817 994 960 1034 diceret
989 995 1177 1041 Socrates,
1207 996 1349 1047 quippe
1380 996 1444 1047 qui
1472 1008 1558 1035 eam

119 1063 271 1106 turpem
297 1069 390 1094 sane
410 1056 621 1094 doctrinam
651 1056 813 1107 gloriose
846 1055 1130 1107 profiterentur,
1162 1069 1237 1106 qua
1266 1068 1380 1094 causa
1403 1056 1559 1095 inferior

120 1117 287 1155 dicendo
304 1117 473 1169 superior
488 1117 715 1163 efficeretur,
734 1129 800 1155 cur
814 1117 1040 1155 medicinam
1056 1117 1242 1163 laudaret,
1262 1130 1347 1155 cum
1362 1117 1454 1168 ipsa,
1473 1132 1558 1169 quae

121 1179 172 1218 ad
191 1179 353 1221 salutem
380 1179 574 1219 hominurn
601 1178 754 1216 inventa
772 1185 842 1224 est,
863 1178 912 1216 ad
940 1177 1144 1229 perniciem
1173 1178 1340 1216 nonnulli
1368 1178 1559 1216 interdum

121 1240 338 1279 abutantur.
358 1253 433 1278 non
452 1241 553 1279 enim
571 1240 674 1292 quod
694 1239 893 1278 electionis
922 1247 961 1277 et
979 1239 1139 1277 hominis
1165 1239 1294 1276 vitium
1322 1245 1390 1285 est,
1411 1239 1481 1277 arti
1500 1246 1559 1277 est

118 1301 415 1340 attribuendum.
470 1302 570 1340 Nam
591 1300 794 1353 eloquendi
815 1307 854 1340 et
879 1301 1031 1339 dicendi
1057 1314 1126 1346 ars,
1158 1314 1243 1353 quae
1268 1301 1460 1339 rhetorica
1486 1308 1558 1346 est,

122 1374 210 1403 cum
236 1362 527 1400 instrumentum
547 1363 608 1408 sit,
630 1376 675 1404 ac
703 1362 831 1400 similis
852 1363 1077 1408 dialecticae‚
1102 1362 1301 1400 laudabilis
1326 1374 1369 1400 ac
1389 1362 1475 1399 vitae
1493 1361 1562 1400 hu-

122 1435 245 1461 manae
271 1436 450 1474 perquam
478 1424 696 1462 necessaria
714 1423 890 1469 facultas,
912 1437 998 1475 quae
1029 1437 1106 1461 non
1131 1436 1240 1462 secus
1259 1431 1375 1475 atque
1395 1423 1460 1462 illa
1483 1436 1561 1462 non

121 1484 287 1534 aliquam
306 1484 501 1524 definitam
528 1498 574 1523 ac
594 1491 734 1522 certam
763 1484 958 1522 materiam
986 1485 1115 1529 habet,
1140 1484 1179 1522 in
1198 1497 1273 1534 qua
1291 1490 1474 1530 versetur,
1492 1483 1562 1521 sed

121 1544 160 1581 in
180 1557 406 1596 unaquaque
425 1558 463 1583 re
482 1545 780 1596 probabilitatem
800 1545 966 1596 indagat,
987 1552 1102 1596 atque
1122 1545 1274 1591 invenit,
1304 1552 1380 1583 tam
1401 1544 1563 1582 destrui-

121 1612 182 1643 tur
195 1619 242 1644 ac
257 1606 413 1657 tollitur,
426 1606 505 1644 siin
519 1608 599 1657 ejus
613 1606 667 1644 rei
682 1606 941 1657 praestantiam
957 1613 1241 1652 transmutetur,
1260 1605 1321 1643 cui
1335 1605 1561 1657 applicatur,

121 1680 237 1718 quam
253 1667 283 1706 si
299 1668 383 1717 ejus
398 1667 462 1718 qui
479 1680 525 1705 ea
539 1668 668 1712 utitur,
684 1667 848 1716 pravitas
867 1667 938 1718 ipsi
952 1667 1200 1705 adscribatur.
1230 1665 1561 1708 Quemadmodum

123 1729 225 1765 enim
243 1728 444 1767 dialectica
462 1728 491 1766 si
512 1728 728 1777 decipiendi
743 1728 935 1777 proposito
955 1728 1248 1776 distorqueatur,
1267 1726 1469 1765 dialectica
1486 1741 1562 1765 non

123 1788 284 1839 amplius
299 1796 369 1834 est,
386 1788 453 1827 sed
468 1787 670 1839 sophistica
685 1794 724 1825 et
738 1786 921 1838 captiosa,
942 1789 1051 1836 cujus
1070 1799 1146 1825 non
1165 1787 1203 1823 in
1223 1794 1317 1832 arte,
1333 1787 1401 1825 sed
1417 1787 1454 1825 in
1473 1789 1565 1826 abu-

123 1849 239 1891 tentis
260 1850 466 1895 voluntate,
485 1848 616 1886 vitium
636 1855 715 1886 est:
735 1848 789 1886 sic
807 1847 1011 1893 rhetorica,
1027 1860 1112 1898 quae
1127 1847 1224 1885 fallit
1239 1860 1284 1885 ac
1299 1848 1452 1900 decipit,
1471 1849 1563 1888 licet

122 1924 263 1948 nomen
281 1911 384 1948 aliud
400 1909 615 1949 distinctum
634 1922 710 1947 non
723 1909 877 1959 habeat,
892 1908 961 1948 sed
981 1907 1191 1947 Rhetorica
1205 1909 1319 1948 etiam
1338 1909 1418 1960 ipsa
1432 1911 1564 1961 appel-

121 1972 238 2020 letur,
270 1971 483 2009 Rhetorica
509 1978 637 2008 tamen
663 1983 739 2008 non
762 1976 832 2015 est,
862 1970 932 2007 sed
951 1969 1133 2020 captiosa,
1158 1978 1197 2007 et
1224 1970 1322 2008 falsa
1341 1970 1562 2017 Rhetorica,

123 2033 214 2070 vitio
230 2032 371 2070 utentis
389 2044 577 2083 perversa.
633 2032 729 2073 Quae
748 2030 884 2070 merito
905 2031 1058 2082 quidem
1077 2030 1324 2082 vituperatur,
1344 2031 1458 2069 modo
1477 2045 1564 2070 cum

124 2094 164 2131 id
178 2094 233 2139 fit,
250 2093 443 2131 hominum
462 2093 688 2144 pravitatem
708 2099 812 2137 tunc,
831 2105 906 2129 non
921 2099 1054 2137 artem,
1074 2092 1304 2142 reprehendi
1318 2105 1394 2129 non
1413 2092 1563 2142 ignore-

125 2167 222 2192 mus.
277 2155 354 2191 Ars
382 2153 482 2191 enim
501 2154 584 2204 ipsa
602 2153 651 2191 ad
670 2152 862 2203 imperitos
882 2152 1065 2197 homines,
1093 2165 1236 2202 eosque
1265 2165 1410 2197 omneS,
1442 2153 1506 2203 qui
1527 2153 1563 2190 in

124 2214 324 2254 subtilibus
343 2213 550 2252 rationibus
565 2211 820 2264 percipiendis
840 2224 915 2250 non
934 2218 1021 2249 sunt
1036 2211 1243 2257 exercitati,
1263 2212 1459 2251 docendos
1478 2226 1564 2264 per-

125 2275 421 2324 suadendosque
436 2273 650 2313 necessaria
668 2271 875 2310 admodum
900 2278 969 2309 est.
998 2272 1112 2314 Quod
1131 2272 1231 2310 enim
1245 2272 1445 2311 dialectice
1465 2274 1563 2312 inter

124 2336 382 2386 philosophOS,
404 2335 443 2373 id
463 2335 560 2377 inter
578 2334 706 2373 civiles
726 2346 861 2371 munus
881 2333 1080 2370 rhetoricae
1101 2340 1171 2371 est.
1210 2333 1310 2371 Nam
1330 2334 1414 2371 siin
1434 2335 1563 2373 civita·

126 2397 228 2435 tibus
247 2397 330 2434 liaec
349 2410 424 2434 non
455 2404 567 2441 esset,
587 2408 684 2446 quae,
703 2407 751 2433 an
779 2394 871 2432 utile
899 2393 1039 2444 aliquid
1059 2402 1172 2439 essct,
1204 2402 1267 2431 aut
1295 2394 1440 2441 inutile,
1466 2396 1563 2438 inter

127 2458 380 2502 consultores,
412 2470 459 2495 an
484 2459 637 2506 justum,
662 2463 726 2495 aut
754 2455 943 2503 injustum,
967 2455 1068 2505 apud
1087 2455 1251 2503 judices,
1277 2468 1325 2492 an
1350 2456 1562 2504 honestum,

127 2527 194 2557 aut
220 2525 345 2569 turpe,
374 2518 475 2569 apud
503 2524 738 2567 spectatores
769 2515 1001 2561 ostenderet,
1037 2515 1197 2554 confusa
1230 2516 1349 2554 omnis
1383 2517 1468 2554 vitoe
1492 2525 1566 2556 tra-

128 2580 274 2628 ductio,
296 2586 410 2628 atque
430 2578 700 2619 administratio
719 2577 935 2614 haberetur.
992 2576 1087 2614 Cum
1109 2577 1207 2614 enim
1228 2589 1297 2627 pro
1319 2589 1386 2614 sua
1406 2578 1563 2628 quisque

127 2640 302 2691 opinione
324 2640 436 2694 facile
457 2639 581 2690 decipi
601 2638 728 2689 possit,
751 2645 790 2676 et
810 2650 945 2688 segnes
960 2645 1092 2676 natura
1107 2637 1154 2676 ud
1175 2638 1357 2675 discenda
1376 2638 1475 2675 bona
1494 2639 1562 2677 ho-

126 2701 247 2740 mines
265 2700 349 2746 sint,
368 2707 446 2738 tum
468 2699 613 2743 etiamsi
635 2699 826 2742 sciverint,
846 2698 957 2736 facile
976 2697 1114 2735 affectu
1132 2698 1258 2748 aliquo
1282 2699 1333 2736 ita
1353 2699 1562 2749 depraven-

129 2768 203 2806 tur,
218 2767 260 2797 ut
274 2760 322 2797 ad
342 2774 417 2797 non
437 2760 586 2807 agenda
600 2760 701 2796 bona
720 2758 961 2809 procliviores
982 2759 1157 2802 evadant,
1180 2759 1253 2803 ille,
1274 2759 1338 2809 qui
1359 2759 1431 2797 hac
1447 2760 1562 2798 facul-

130 2828 207 2860 tate
235 2827 291 2858 cst
317 2821 507 2871 praeditus,
536 2820 605 2857 tria
631 2819 841 2869 hujusmodi
869 2820 1118 2869 gerendarum
1141 2832 1267 2858 rerum
1295 2820 1562 2873 impedimenta
