1824 3171
133 112 270 152 lxxviii
710 115 742 152 1.
774 114 1026 153 TAYLORI

137 222 376 255 exercerent.
434 216 613 255 Clamant
642 217 784 268 ingenii
809 217 1026 263 facultates,
1056 228 1189 268 parum
1217 215 1256 252 in
1282 228 1324 253 se
1346 229 1429 254 esse
1459 215 1593 256 lauda-

136 278 237 323 bilis,
259 278 289 314 si
317 278 374 323 iis,
406 278 468 328 qui
497 291 561 316 eas
583 279 619 315 in
639 291 680 317 se
700 280 858 325 habent,
875 279 980 324 iisve,
1003 291 1099 329 quos
1119 277 1318 315 delectare
1338 277 1497 328 possint,
1518 278 1595 317 sint

132 340 331 391 jucundae,
354 340 392 378 ni
411 341 579 378 humano
600 341 717 378 etiam
746 342 880 392 generi
907 348 1036 380 essent
1054 340 1338 390 quodammodo
1364 340 1596 379 fructuosae:

137 402 300 453 pre-inde
321 401 593 452 negligendam
615 415 700 440 esse
719 416 891 453 prorsus,
912 409 978 440 aut
998 400 1331 439 exterminandam
1352 402 1493 452 potius,
1516 402 1596 440 elo-

137 464 348 514 quentiam,
369 464 535 501 maxime
554 472 681 502 autem
703 478 855 503 cascum
873 465 989 510 illam,
1010 471 1049 501 et
1067 463 1276 507 exoletam,
1298 470 1338 501 et
1351 464 1595 516 antiquorum

134 526 375 564 solummodo
392 526 512 564 literis
533 527 731 574 inclusam,
747 531 854 576 cujus
874 528 905 564 si
925 540 1002 565 non
1023 526 1156 572 omnis,
1177 534 1217 564 at
1233 526 1429 577 praecipua
1443 528 1594 574 saltem,

135 589 218 626 laus
246 589 285 626 in
311 589 466 627 delectu
491 590 704 635 verborum,
735 590 774 626 in
809 590 953 628 decore
984 589 1258 634 clausularum,
1293 595 1333 626 et
1361 588 1400 626 in
1427 590 1595 639 quadam

135 651 312 688 ubertate
329 650 511 688 orationis
531 650 761 689 continetur.

188 712 286 750 Esse
316 712 505 763 quandam
538 713 804 752 incredibilem
830 713 1118 764 jucunditatem
1148 712 1457 763 suavitatemque
1478 710 1518 748 in
1546 723 1594 749 eo

135 787 278 824 genere
304 774 512 820 literarum,
539 788 626 826 quae
647 775 762 813 etiam
787 775 1106 826 occupatissimos
1136 775 1351 826 percellere
1382 773 1493 819 solet,
1523 771 1595 810 nisi

134 848 266 873 earum
297 837 446 882 artium,
479 837 615 887 quibus
645 837 696 874 ad
727 837 1008 875 humanitatem
1038 836 1297 882 informamur,
1333 836 1450 886 plane
1481 833 1594 872 rudes

132 897 288 942 fuerint,
317 910 445 947 neque
474 910 547 947 ego
572 911 717 948 negare
744 911 915 949 possum,
937 898 1002 949 qui
1029 898 1068 935 in
1087 898 1253 948 antiquae
1273 896 1506 948 eloquentiae
1526 909 1594 934 au-

134 958 305 996 ctoribus
325 958 563 1009 expoliendis
582 958 747 1010 aliquam
765 959 885 997 aetatis
901 966 1052 1011 partem
1073 959 1329 1004 contriverim,
1347 971 1473 1008 neque
1490 957 1607 1009 apud>

134 1019 196 1058 Te
215 1019 386 1058 confiteri
406 1020 539 1072 pudet,
561 1021 624 1072 qui
645 1034 720 1067 me,
738 1029 781 1059 ut
801 1022 841 1059 id
862 1029 1087 1060 constanter
1113 1022 1299 1066 facerem,
1325 1027 1471 1058 tantum
1492 1019 1596 1057 omni

132 1081 409 1119 beneficiorum
444 1096 588 1133 genere
619 1083 812 1134 impulisti,
843 1091 1030 1134 quantum
1060 1083 1264 1122 incendisti
1292 1083 1449 1121 hortatu
1478 1089 1595 1132 atque

133 1144 376 1182 auctoritate.
433 1144 538 1187 Quid
558 1144 660 1182 enim
680 1152 760 1183 tam
789 1152 919 1196 potest
941 1158 1025 1183 esse
1054 1145 1208 1195 cognitu
1232 1144 1459 1195 jucundum,
1479 1155 1595 1193 quam

133 1206 362 1256 gravissimis
383 1207 582 1245 sententiis
610 1214 728 1258 atque
755 1208 857 1245 omni
888 1215 1024 1245 ornatu
1042 1208 1247 1245 verborum
1269 1206 1450 1243 distincta
1470 1204 1594 1242 oratio

133 1275 173 1305 et
201 1267 411 1319 perpolita:
447 1270 806 1307 ATHENIENSIUM
836 1270 1043 1320 praecipue,
1072 1283 1095 1307 a
1113 1269 1249 1319 quibus
1268 1279 1418 1305 summa
1437 1266 1594 1304 dicendi

132 1329 188 1366 vis
210 1336 249 1367 et
276 1329 432 1367 inventa
460 1336 500 1367 et
524 1330 700 1380 perfecta
721 1343 807 1368 esse
836 1331 1028 1368 creditur:
1061 1337 1177 1380 atque
1207 1330 1290 1379 ejus
1321 1328 1475 1366 demum
1503 1328 1595 1366 scri-

132 1391 267 1442 ptoriS,
279 1391 344 1441 qui
359 1390 594 1429 felicitatein
611 1391 884 1442 excogitando,
903 1392 941 1429 in
962 1391 1194 1442 explicando
1211 1398 1327 1440 atque
1348 1389 1521 1427 ornando
1536 1389 1595 1426 ni·

132 1460 230 1498 tore,
250 1460 398 1490 tantum
418 1452 566 1490 caeteris
594 1453 632 1490 in
662 1466 709 1490 ea
727 1453 822 1489 urbe
841 1453 1026 1503 praestitit,
1042 1459 1229 1504 quantum
1249 1463 1296 1489 ea
1314 1451 1397 1502 ipsa
1416 1451 1592 1489 omnibus

132 1516 287 1552 omnino
306 1514 524 1552 nationibus
540 1515 776 1553 antecellere
790 1514 1012 1564 judicatur?

187 1577 268 1615 Sed
287 1570 470 1628 neque'in
484 1576 560 1615 isto
581 1590 725 1628 genere
741 1577 877 1623 laudis,
893 1577 924 1615 si
939 1577 1033 1628 quid
1047 1577 1095 1615 sit
1116 1584 1246 1615 tamen
1261 1576 1300 1613 in
1319 1583 1409 1627 apta
1429 1576 1595 1616 colloca-

131 1640 238 1678 tione
266 1641 484 1685 verborum,
514 1646 553 1678 et
583 1639 621 1676 in
648 1652 855 1677 numerosa
890 1639 1198 1677 conformatione
1225 1638 1406 1676 orationis
1435 1638 1595 1677 laudan-

131 1704 236 1748 dum,
257 1702 415 1740 istorum
434 1701 630 1740 hominum
653 1701 894 1740 Excellentia
923 1715 1041 1753 passa
1068 1709 1127 1739 est
1155 1713 1197 1738 se
1218 1699 1432 1738 contineri:
1464 1713 1592 1752 neque

130 1765 181 1803 ad
202 1763 499 1815 Rempublicam
517 1763 742 1801 adtulerunt
768 1763 1044 1802 infructuosam
1073 1761 1217 1813 ingenii
1237 1762 1440 1808 culturam,
1459 1762 1521 1800 vel
1550 1762 1590 1810 ii,

129 1826 193 1877 qui
216 1826 252 1862 in
280 1826 354 1863 ista
373 1825 571 1877 disciplina
596 1826 825 1872 enituerunt,
856 1826 917 1863 vel
938 1826 976 1871 ii,
998 1825 1063 1877 qui
1084 1837 1216 1862 eorum
1234 1831 1481 1862 monumenta
1501 1837 1592 1862 cum

130 1888 258 1939 aliqua
277 1887 488 1926 animorum
507 1887 716 1926 attentione
737 1888 1060 1939 contemplantur.
1107 1886 1202 1929 Quis
1219 1886 1317 1924 enim
1335 1886 1472 1931 nescit,
1493 1886 1591 1923 mul·-

129 1956 212 1987 tum
239 1949 370 2000 utique
390 1949 562 1987 conferre
582 1950 632 1989 ad
650 1950 954 1988 moderationem
973 1947 1135 1987 civitatis
1155 1947 1483 1999 diligentissimam
1503 1960 1590 1999 per-

128 2011 424 2062 vestigationem
458 2024 590 2050 earum
618 2012 1019 2057 omniumrationum,
1050 2011 1188 2061 quibus
1211 2010 1408 2047 hominum
1436 2016 1590 2048 mentes

127 2074 189 2111 vel
205 2074 253 2111 ad
266 2073 373 2118 iram,
394 2080 460 2111 aut
479 2073 621 2120 odium,
643 2081 710 2112 aut
729 2074 902 2112 dolorem
923 2072 1143 2117 incitantur,
1163 2071 1224 2110 vel
1244 2072 1292 2109 ab
1313 2071 1358 2109 iis
1378 2071 1588 2110 reflectun-

128 2134 216 2173 tur?
245 2136 532 2181 Verumtamen,
552 2149 637 2186 quae
657 2136 707 2173 de
727 2137 873 2174 naturis
891 2135 1087 2173 hominum
1107 2141 1146 2172 et
1161 2134 1210 2172 de
1229 2133 1266 2171 vi
1288 2133 1390 2172 omni
1410 2134 1586 2172 humani-

128 2196 216 2234 tatis
236 2202 418 2233 accurate
439 2195 476 2233 in
496 2197 638 2234 scholis
659 2197 916 2248 disputantur,
938 2202 1171 2235 exarescant
1189 2195 1304 2246 plane
1323 2208 1485 2234 necesse
1515 2202 1585 2241 est,

128 2258 199 2296 nisi
219 2257 377 2295 exsistat
395 2258 562 2308 quidam,
580 2257 645 2309 qui
665 2271 712 2295 ea
738 2258 930 2296 mentibus
955 2258 1151 2295 hominum
1170 2270 1214 2294 ac
1234 2256 1422 2304 sensibus,
1444 2256 1588 2296 forensi

127 2334 216 2365 usu,
247 2326 286 2356 et
316 2320 505 2371 gravitate
534 2320 699 2371 quadam
730 2320 925 2366 orationis,
952 2320 1247 2358 accommodare
1277 2319 1406 2371 possit.
1464 2321 1588 2358 Arma

126 2384 193 2423 illa
207 2385 268 2422 vel
286 2383 567 2422 inflammandis
587 2382 800 2420 animorum
822 2383 985 2421 motibus
1004 2382 1065 2420 vel
1085 2382 1368 2433 extinguendis,
1386 2381 1587 2420 scitissime

127 2446 281 2497 quidem
302 2447 339 2483 in
358 2445 493 2483 umbra
513 2443 601 2482 cudi
621 2453 849 2495 potuerunt:
875 2445 912 2482 in
933 2444 1015 2482 acie
1031 2457 1124 2482 vero
1141 2444 1365 2495 reipublicae
1384 2456 1462 2482 non
1475 2450 1585 2494 pote-

127 2515 217 2545 runt
245 2508 387 2544 utilite:
405 2506 475 2544 nisi
504 2506 552 2543 ab
582 2514 733 2543 oratore
759 2506 853 2556 geri.
910 2506 1079 2551 Deinde,
1102 2506 1132 2544 si
1157 2519 1290 2544 eorum
1309 2505 1508 2543 laudamus
1527 2505 1584 2542 in-

128 2569 326 2616 dustriam,
348 2568 411 2620 qui
428 2568 477 2606 de
497 2568 646 2619 legibus
666 2569 846 2617 jubendis
866 2576 933 2606 aut
952 2569 1138 2614 vetandis,
1162 2569 1210 2606 de
1231 2567 1504 2619 perspiciendis
1523 2580 1584 2605 ra-

127 2633 295 2670 tionibus
327 2631 681 2669 constituendarum
708 2632 1042 2682 regendarumque
1070 2630 1278 2675 civitatum,
1310 2630 1360 2668 de
1385 2629 1510 2675 sociis,
1532 2630 1583 2668 de

126 2694 390 2745 vectigalibus,
423 2693 471 2730 de
503 2692 605 2730 omni
631 2692 853 2744 reipublicae
880 2705 1037 2743 genere,
1068 2692 1309 2742 caeterisque,
1336 2691 1418 2730 sine
1445 2690 1583 2742 quibus

125 2756 320 2794 hominum
341 2754 502 2793 societas
521 2761 587 2792 aut
616 2768 714 2800 esse,
736 2762 803 2792 aut
828 2755 928 2793 bene
947 2754 1212 2793 administrata
1239 2766 1323 2791 esse
1343 2765 1419 2790 non
1440 2759 1580 2803 potest,

126 2820 335 2872 quidquam
368 2817 488 2855 literis
520 2817 764 2862 mandarunt,
799 2831 960 2868 quorum
992 2817 1129 2861 omnis,
1161 2815 1378 2854 necessaria
1409 2815 1582 2866 quidem,

126 2882 294 2932 cognitio
315 2880 351 2917 in
367 2880 540 2920 exilitate
561 2879 727 2930 quadam
748 2880 949 2925 doctrinae,
978 2886 1017 2917 et
1041 2879 1150 2930 quasi
1170 2879 1208 2916 in
1228 2878 1338 2916 lineis
1358 2877 1581 2929 reipublicae
