1824 3171
591 192 672 231 AD
703 192 1172 232 DEMOSTHENEM.
1469 195 1612 234 cxxxix

147 296 249 336 nelle
271 295 425 346 Dialog.
445 293 567 333 Mort.
588 295 636 333 A.
654 297 771 338 1712.
794 297 839 335 A.
867 297 1022 337 Schott.
1042 297 1128 335 vitae
1145 310 1314 348 compar.
1335 298 1448 337 Dem.
1469 309 1508 339 et
1528 301 1614 339 Ari-

145 359 272 397 stotel.
302 358 347 396 P.
369 356 596 403 Clobardus,
632 357 812 404 Flander,
843 359 1026 411 praefatur
1060 359 1111 397 ad
1145 358 1308 410 Olynth.
1343 363 1380 398 3.
1411 362 1612 414 Antwerp.

147 423 263 459 1538.
285 419 334 456 de
361 431 531 470 compar.
566 418 652 458 Cic.
672 426 713 458 et
733 420 847 459 Dem.
870 421 973 459 Rob.
996 420 1203 458 Britannus
1224 420 1333 458 Paris
1357 424 1474 460 1643.
1497 426 1534 460 4.
1557 423 1611 461 la-

143 482 220 519 tine
245 480 358 518 vertit
386 487 426 517 et
457 480 577 518 edidit
608 481 722 520 Dem.
743 489 840 521 orat.
863 483 913 520 ad
932 482 1098 533 Philippi
1122 482 1337 533 epistolam,
1360 483 1524 533 adjectis
1546 484 1613 521 ali-

141 549 235 592 quot
254 542 362 587 locis‚
384 555 478 592 quos
494 542 634 580 Cicero
654 556 703 580 ex
725 543 992 582 Demosthene
1009 544 1252 581 adumbravit
1271 544 1332 582 vel
1354 544 1480 582 vertit.
1512 545 1609 581 Ber-

140 616 267 653 gerus.
300 604 586 654 Hermogenes.
618 604 818 644 Ciceronis
839 607 950 644 locus
971 619 993 644 e
1015 606 1212 644 Dinarcho
1233 619 1442 656 expressus
1460 606 1608 645 Muret-

139 665 233 704 Var.
254 665 366 704 Lect.
383 666 440 704 II.
460 668 498 708 7.
516 666 553 703 in
569 680 639 718 pro
657 666 766 719 Sylla
784 681 805 706 e
827 669 940 708 Dem.
964 668 1071 707 Mur.
1092 669 1143 706 ib.
1163 668 1214 705 II.
1235 671 1296 706 18.
1312 668 1348 705 in
1368 668 1423 706 ΙΙ.
1441 668 1609 720 Philipp.

139 726 288 765 Muret.
316 726 371 765 ΙΙ.
401 731 462 767 19.
493 727 588 765 VII.
617 730 683 769 27.
706 729 822 768 VIII.
848 733 910 769 10.
933 730 988 769 II.
1012 733 1074 769 19.
1094 733 1160 768 20.
1181 729 1298 768 XIII.
1323 734 1384 768 10.
1408 731 1517 768 XIX.
1545 734 1606 769 13.

138 788 246 840 Lips.
267 789 357 827 Var.
388 788 503 828 Lect.
535 790 566 828 Ι.
596 792 634 828 3.
655 793 719 829 22.
742 791 796 829 11.
818 795 856 831 5.
880 795 942 831 16.
972 794 1037 831 20.
1068 794 1133 833 27.
1160 792 1237 829 III.
1264 796 1302 830 4.
1332 796 1370 832 6.
1402 795 1468 831 28.
1499 792 1607 831 Petr.

137 850 283 889 Victor.
305 850 397 889 Var.
419 851 534 890 Lect.
551 851 639 890 XV.
658 855 697 891 3.
717 852 874 892 XVIII.
891 856 957 892 21.
989 855 1188 896 Quantum
1203 853 1459 904 ingemiscant
1477 861 1608 905 patres

137 913 258 950 nostri
278 919 356 951 etc.
377 913 463 952 Liv.
484 915 549 952 21.
572 916 637 953 53.
665 927 717 952 ex
738 914 1015 954 Aristocratea.
1040 929 1077 952 v.
1097 915 1199 953 viros
1220 915 1356 953 doctos
1373 915 1421 953 ad
1440 915 1607 954 Lucian.

108 1007 114 1012 .
138 973 187 1013 Τ.
214 974 292 1011 III.
320 988 359 1025 p.
380 978 472 1014 464.
530 976 649 1018 Quod
672 975 828 1023 fretum,
849 990 964 1028 quem
994 977 1182 1028 Euripum
1202 984 1277 1016 etc.
1309 978 1435 1016 Cicer.
1456 983 1550 1029 κῦμα
1573 992 1607 1017 v.

134 1036 244 1087 Lips.
266 1035 304 1073 in
326 1036 375 1074 V.
392 1036 440 1075 L.
462 1037 488 1074 l.
509 1050 545 1075 c.
568 1037 717 1076 Muret.
734 1037 850 1076 VIII.
874 1039 921 1074 V.
943 1038 990 1076 L.
1017 1043 1080 1084 10,
1100 1042 1163 1078 11.
1183 1047 1264 1077 not.
1280 1039 1330 1077 ad
1347 1040 1411 1077 AE.
1426 1043 1520 1079 414.
1543 1044 1605 1079 14.

137 1097 326 1138 Tourreil.
343 1097 393 1135 ad
411 1098 487 1136 loc.
508 1111 641 1136 rursus
659 1099 851 1136 Tourreil.
867 1113 907 1149 p.
922 1103 1016 1138 466.
1032 1104 1125 1138 468.
1167 1102 1262 1139 Hoc
1282 1114 1357 1139 nec
1375 1102 1519 1152 gratior
1540 1115 1606 1140 ex-

136 1160 233 1197 stitit
252 1159 456 1210 quisquam
468 1182 521 1188 -
539 1159 622 1197 Cic.
640 1159 753 1197 Orat.
808 1160 922 1198 Unus
944 1160 1088 1199 eminet
1101 1161 1202 1199 inter
1219 1175 1353 1201 omnes
1366 1185 1419 1191 —-
1431 1164 1492 1201 Id.
1512 1164 1604 1203 ibid.

135 1221 257 1260 Plane
286 1221 443 1272 quidem
476 1220 695 1272 perfectum
718 1220 849 1259 —1d.
884 1221 920 1258 in
956 1221 1078 1260 Bruto
1111 1223 1294 1261 recordor
1319 1237 1381 1262 me
1404 1246 1453 1254 ·—
1473 1225 1534 1263 Id.
1567 1225 1605 1263 in

135 1283 247 1322 Orat.
276 1283 582 1322 Demosthenem
595 1283 712 1334 igitur
730 1283 926 1322 imitemur
945 1306 999 1313 —-
1017 1284 1078 1322 Id.
1098 1284 1137 1322 in
1158 1285 1294 1323 Bruto.
1317 1286 1605 1326 Demosthenes

135 1345 364 1385 Ciceronem
381 1358 430 1383 ex
448 1358 589 1396 magna
608 1352 913 1396 parte,quantus
934 1353 1006 1391 est,
1028 1345 1137 1384 fecit.
1157 1346 1320 1389 Quintil.
1342 1348 1393 1386 X.
1417 1352 1452 1386 1.
1483 1349 1606 1387 Sado-

131 1407 200 1446 let.
213 1407 263 1445 de
278 1406 408 1445 liberis
423 1414 534 1445 recte
546 1407 805 1445 instituendis.
861 1408 888 1446 J
893 1408 1023 1446 uvabit
1043 1421 1230 1459 cognosse
1252 1416 1328 1448 etc.
1372 1410 1432 1448 M.
1455 1411 1604 1450 Tullius

133 1482 222 1508 cum
252 1483 293 1507 se
321 1476 444 1507 totum
471 1469 522 1507 ad
552 1468 806 1507 imitationem
838 1483 1056 1521 graecorum
1083 1471 1325 1518 contulisset,
1358 1472 1501 1511 effinxit
1525 1473 1603 1511 vim

134 1531 420 1577 Demosthenis,
438 1531 587 1582 copiam
605 1531 792 1578 Platonis,
809 1533 1096 1582 jucunditatem
1117 1533 1313 1573 Isocratis.
1348 1535 1470 1573 Hunc
1489 1535 1604 1586 igitur

132 1601 371 1645 spectemus,
390 1593 468 1632 hoc
491 1593 732 1645 propositum
752 1593 863 1632 nobis
882 1594 929 1632 sit
949 1595 1180 1646 exemplum.
1236 1596 1309 1634 Ille
1329 1609 1371 1634 se
1391 1597 1602 1647 profecisse

130 1654 239 1701 sciat,
260 1655 322 1693 cui
344 1655 486 1694 Cicero
513 1655 626 1693 valde
659 1656 843 1706 placebit.
874 1656 1033 1700 Quintil.
1063 1657 1114 1695 X.
1137 1661 1174 1696 1.
1221 1658 1509 1697 Demosthenes
1529 1659 1599 1698 tibi

128 1717 339 1768 praeripuit,
364 1730 414 1756 ne
440 1717 584 1768 primus
608 1730 711 1756 esses
737 1725 879 1766 orator,
914 1725 955 1756 tu
987 1719 1039 1756 illi
1069 1733 1119 1758 ne
1146 1719 1264 1758 solus.
1294 1734 1329 1758 v.
1365 1721 1600 1773 Hieronymi

131 1779 244 1831 epist.
265 1780 316 1818 ad
336 1779 544 1832 Nepotian.
602 1779 690 1818 Nec
715 1779 850 1818 vitium
871 1780 1045 1826 dixerim,
1067 1781 1098 1820 si
1121 1782 1264 1821 Cicero
1290 1795 1313 1820 a
1332 1783 1601 1823 Demosthene

128 1841 327 1893 paululum
341 1841 417 1880 hac
432 1841 471 1879 in
491 1848 603 1893 parte
624 1841 799 1880 descivit.
828 1842 991 1886 Quintil.
1012 1842 1085 1882 IX.
1105 1844 1199 1882 fine.
1257 1844 1455 1896 Quicquid
1470 1846 1601 1893 attica,

129 1903 316 1955 quicquid
340 1916 500 1942 romana
529 1904 769 1955 praecipuum
798 1904 917 1943 habet
944 1905 1091 1957 lingua,
1126 1907 1329 1957 cognovit;
1358 1921 1493 1945 aurum
1521 1908 1601 1947 De-

128 1966 339 2004 mosthenis
377 1974 418 2004 et
450 1966 597 2004 ferrum
641 1965 844 2006 Ciceronis
878 1967 1078 2019 expendit,
1117 1975 1323 2020 utramque
1358 1969 1514 2008 dicendi
1545 1983 1603 2008 se-

128 2028 223 2066 riem
247 2028 388 2066 latinus
408 2028 573 2066 Relator
600 2028 788 2079 implevit.
846 2029 1052 2068 Ennodius
1073 2030 1106 2068 I.
1134 2030 1263 2082 Epist.
1293 2034 1332 2070 5.
1372 2031 1464 2070 Non
1486 2032 1601 2071 Cice-

128 2090 231 2128 ronis
250 2090 380 2135 modo,
401 2090 471 2128 sed
498 2089 614 2128 etiam
643 2093 737 2139 ejus,
768 2091 833 2142 qui
862 2099 921 2129 est
949 2092 1114 2130 strictior
1145 2093 1278 2139 multo,
1310 2093 1599 2134 Demosthenis.

130 2152 293 2194 Quintil.
324 2151 419 2190 XII.
448 2154 511 2191 10.
569 2151 666 2194 Quis
694 2152 747 2190 ita
775 2152 824 2190 ad
845 2152 981 2205 AEsopi
1008 2161 1263 2200 venustatem,
1286 2154 1370 2206 quis
1399 2155 1448 2194 ad
1476 2156 1601 2208 sophi-

126 2213 245 2252 sticas
276 2214 456 2252 Isocratis
484 2213 765 2260 conclusiones,
789 2214 873 2266 quis
906 2215 957 2253 ad
987 2215 1276 2267 enthymemata
1308 2217 1600 2266 Demosthenis,

128 2285 195 2314 aut
214 2276 450 2327 opulentiam
473 2275 704 2321 Tullianam,
725 2283 792 2313 aut
821 2277 1103 2328 proprietatem
1134 2278 1252 2315 nostri
1279 2278 1456 2317 Maronis
1485 2294 1598 2319 acce-

128 2337 208 2376 dat.
265 2337 411 2376 Auson.
433 2337 483 2375 ad
501 2337 722 2388 Symmach.
763 2337 839 2389 Ep.
857 2341 921 2377 32.
979 2339 1047 2377 Ad
1069 2339 1337 2390 explicandam
1363 2341 1598 2383 incredibilis

127 2399 261 2450 gaudii
281 2399 588 2450 magnitudinem
609 2408 648 2437 et
675 2399 826 2437 tulliani
851 2400 990 2439 fluvius
1020 2401 1234 2440 siccaretur
1259 2402 1405 2453 ingenii
1436 2411 1477 2442 et
1507 2418 1601 2444 con-

127 2468 241 2499 tortae
262 2461 536 2500 Demosthenis
552 2461 792 2512 vibrataeque
813 2462 1019 2500 sententiae
1039 2464 1186 2501 tardius
1206 2464 1505 2517 languidiusque
1525 2468 1600 2505 fer·

127 2531 273 2561 rentur.
308 2523 471 2561 Hieron.
501 2523 574 2573 Ep.
605 2524 671 2564 97.
702 2523 753 2561 ad
785 2523 1026 2563 Demetriad.
1058 2525 1108 2563 de
1138 2526 1330 2564 servanda
1362 2527 1599 2579 virginitate.

129 2585 209 2624 Ubi
238 2598 341 2623 mare
369 2585 464 2622 illud
490 2584 725 2635 eloquentiae
753 2585 972 2623 Tullianae?
1000 2585 1064 2624 ubi
1095 2593 1244 2625 torrens
1277 2588 1416 2627 fluvius
1446 2590 1594 2629 Demo-

125 2646 301 2685 sthenis?
349 2646 513 2684 Hieron.
534 2646 609 2697 Ep.
627 2649 692 2685 93.
715 2646 766 2684 ad
787 2646 1009 2685 Salvianum
1029 2647 1194 2699 lapsum.
1237 2650 1422 2701 Ἐπιμονὴ
1439 2665 1482 2689 οι·
1499 2653 1596 2690 Am-

126 2708 349 2758 plification.
380 2709 529 2754 αὕξησις
549 2707 720 2759 Longin.
764 2709 997 2747 Alexander
1016 2709 1103 2748 Ald.
1121 2710 1242 2748 Rhet.
1260 2711 1331 2750 Gr.
1353 2712 1402 2750 de
1425 2719 1594 2768 σχήμανι

128 2771 300 2820 ἐπιμονὴ.
357 2770 642 2808 Demosthenes
673 2777 713 2808 et
741 2770 914 2809 Pericles
944 2784 1143 2823 nunquam
1169 2771 1269 2811 dixit
1298 2775 1594 2826 ἀπερισκέπτως.

130 2831 230 2868 Cum
252 2831 512 2870 Athenienses
541 2832 592 2870 ad
620 2832 830 2870 dicendum
857 2841 1058 2880 vocarent,
1089 2837 1131 2872 οὒ
1163 2834 1432 2887 συντέταγμαι,
1460 2838 1596 2888 inquit.

129 2906 207 2930 non
227 2905 360 2930 omnes
379 2906 486 2932 meas
507 2894 641 2946 copias
660 2895 699 2931 in
720 2894 894 2933 ordinem
914 2895 1063 2946 redegi.
1094 2896 1294 2935 Plutarch.
1316 2905 1429 2936 tract.
1450 2898 1480 2936 Ι.
1503 2899 1594 2937 item

128 2954 169 2993 in
189 2953 328 2993 Aldina
357 2956 614 3008 ὀμολογοῦμαι
631 2956 718 3008 (sic)
739 2961 1042 3008 μεμελετηκέναι.
1063 2960 1122 2995 καὶ
1144 2962 1218 3010 γὰρ
1241 2966 1319 2997 etc.
1352 2960 1479 3011 Epicli
1500 2961 1597 3012 obji‘-
