1824 3171
220 150 352 188 ccxxii
556 151 783 192 STOCKII
813 151 1099 196 PRAEFATT.
1131 157 1211 196 AD
1241 157 1381 197 DEM.

219 250 378 302 primam
400 256 440 289 et
458 258 536 290 tres
557 253 809 305 Olynthiacas
827 256 1052 295 nitidissime
1071 257 1204 298 edidit.
1259 261 1504 311 Argumenta
1520 259 1559 298 in
1582 270 1668 299 ora·

219 310 342 349 tiones
361 311 478 351 hasce
498 321 661 364 quatuor
680 316 842 366 priores,
862 330 948 367 quae
967 317 1030 354 ille
1051 331 1098 355 ex
1125 319 1322 358 Tourellio
1343 321 1522 368 reddidit,
1552 321 1665 359 inter-

218 372 427 423 pretationi
448 374 537 412 huic
556 383 695 413 nostrae
725 377 939 421 accedunt;
967 384 1006 414 et
1039 380 1214 430 exemplo
1244 382 1389 428 moniti,
1417 382 1562 432 reliqua
1593 381 1664 432 ipsi

217 434 490 485 supplevimus.
546 436 592 474 In
612 437 738 482 Notis,
753 437 883 476 habita
902 446 961 476 cst
979 439 1174 478 brevitatis
1195 441 1303 480 ratio.
1359 444 1547 494 Quicquid
1562 442 1665 481 Geo-

215 495 426 546 graphiam,
455 496 637 547 quicquid
657 498 967 549 Areliaeologiam
996 507 1157 550 spectat,
1185 502 1365 553 quicquid
1392 503 1556 554 denique
1589 504 1664 540 Hi-

214 557 370 594 storiam
400 557 613 606 perleoeeiiti
636 558 760 609 primo
792 559 928 598 intuitu
954 563 1187 612 se‘praebet‚
1215 570 1280 600 aut
1312 564 1563 614 praeterimus,
1596 571 1664 601 aut

212 616 363 666 parcius
391 617 626 667 attingimus.
693 619 1007 672 Haudquaquam
1039 623 1182 660 etenim
1214 624 1396 675 suspicari
1423 625 1480 662 fas
1501 632 1572 670 est,
1591 637 1661 662 vos

211 678 329 715 hasce
350 676 557 716 Orationes
586 678 766 727 adituros,
797 683 867 720 nisi
897 683 956 721 his
983 684 1098 722 rebus
1124 685 1298 723 omnibus
1325 685 1478 736 penitus
1505 683 1663 737 perspe?

211 747 294 776 ctis.

263 799 366 837 Haec
397 807 497 844 sunt,
528 813 615 850 quae
644 801 751 839 vobis
783 806 1056 854 praemonenda
1086 806 1316 856 putavimus.
1386 806 1500 848 Quod
1519 805 1661 856 siquid

209 859 327 897 oculis
347 861 484 897 nostris
503 873 544 898 se
564 861 798 910 subduxerit,
821 871 887 903 aut
917 865 947 902 si
967 865 1056 916 quid
1077 866 1158 903 ausi
1178 866 1295 904 simus
1313 866 1516 913 infelicius,
1534 866 1575 904 id
1594 867 1661 904 be-

207 920 325 971 nigne
345 921 585 960 condonetis.
641 923 794 962 Valete.

830 1161 1035 1200 IISDEM

648 1289 701 1336 S.
731 1289 799 1337 D.
867 1289 916 1336 J.
955 1288 1216 1337 STOCK.

256 1418 372 1459 Qnm
402 1418 438 1455 in
458 1419 532 1457 hac
552 1420 673 1459 altera
694 1421 875 1459 Editione
894 1420 1106 1471 praestitum
1135 1421 1196 1466 sit,
1217 1421 1388 1460 Juvenes
1409 1422 1654 1473 Academici,

199 1480 330 1528 paucis
363 1481 540 1531 accipite.
595 1482 737 1520 Graeca
756 1496 807 1519 ex
828 1482 1072 1519 Editionibus
1087 1483 1246 1520 Venetis
1277 1483 1369 1521 Aldi
1402 1490 1440 1520 et
1472 1484 1652 1522 Felieiani

200 1553 288 1577 curn
307 1540 481 1579 Parisina
496 1542 685 1581 Benenati
705 1543 852 1581 collatis
872 1543 1124 1582 excuduntur.
1164 1544 1429 1595 Interpretatio
1444 1545 1651 1591 VVolfiana,

198 1601 378 1640 adhibitis
403 1603 652 1642 Vei-sionibus
686 1605 840 1643 Nicolai
875 1605 998 1652 Carri,
1031 1605 1293 1655 Lucchesinii,
1326 1613 1365 1643 et
1399 1605 1575 1651 aliorum,
1596 1607 1651 1644 ita

196 1662 324 1700 multis
343 1663 380 1700 in
409 1663 503 1702 locis
533 1667 776 1711 emendatur,
807 1673 851 1704 ut
874 1669 955 1714 jam
983 1666 1089 1717 quasi
1118 1679 1217 1704 nova
1245 1666 1418 1705 exsistat.
1474 1667 1649 1705 Priorum

196 1722 397 1761 Editornm
426 1725 747 1764 Annotationibus
780 1740 920 1777 panea,
950 1741 1036 1778 quae
1066 1727 1202 1765 deesse
1236 1727 1479 1773 videbantur,
1499 1728 1649 1777 adjeei;

195 1797 280 1833 quae
309 1785 491 1823 asterisco
512 1787 672 1837 signata,
702 1795 741 1825 et
760 1788 872 1826 litera
893 1788 918 1826 S
940 1787 1167 1838 subscripta,
1197 1788 1325 1825 statim
1353 1801 1437 1826 sese
1465 1789 1649 1839 produnt.

195 1844 475 1884 Annotationes
503 1848 667 1899 denique
698 1862 830 1886 omnes
860 1848 1173 1898 Interpretationi
1202 1849 1465 1898 subjiciuntur,
1488 1849 1647 1909 Oraeea-

192 1917 274 1941 rum
294 1906 519 1955 paginarum
539 1909 670 1947 titulos
690 1923 771 1960 prae
800 1922 841 1947 se
861 1909 1053 1946 serentes:
1083 1910 1406 1959 quemadmodum
1438 1923 1560 1961 nuper
1589 1911 1646 1948 sa-

191 1972 292 2003 ctum
320 1974 380 2004 est
409 1981 494 2005 cum
516 1969 710 2007 AEschinis
735 1977 774 2008 et
795 1970 1067 2008 Demosthenis
1088 1970 1292 2008 Orationes
1321 1971 1370 2008 de
1398 1971 1552 2009 Corona
1580 1972 1648 2009 ad-

191 2029 374 2066 versarias
394 2030 494 2080 typis
515 2031 705 2069 mandavi.
763 2032 866 2069 Data
886 2032 987 2069 enim
1019 2045 1137 2083 opera
1158 2040 1229 2077 est,
1249 2039 1292 2070 ut
1311 2032 1412 2070 binae
1433 2032 1515 2070 istae
1535 2033 1645 2084 quasi

191 2090 369 2128 coaleant
390 2091 612 2137 Editiones;
642 2107 716 2143 quo
736 2093 1071 2144 praestantissimae,
1093 2094 1331 2145 plurimoque
1351 2094 1546 2131 hominum
1566 2107 1646 2132 ser-

189 2164 302 2190 mone
324 2152 544 2200 celebratae,
569 2155 841 2193 Demosthenis
864 2155 1070 2193 Orationes
1102 2169 1178 2193 uno
1207 2156 1315 2193 vobis
1344 2155 1483 2192 intuitu
1513 2155 1643 2205 subja-

191 2221 318 2252 ceant.
390 2214 710 2266 Olynthiaearum
743 2217 929 2261 ordinem,
960 2229 1073 2267 quem
1104 2223 1285 2254 monente
1317 2216 1504 2267 Dionysio
1530 2216 1642 2254 Hali-

188 2287 402 2319 carnasseQ
423 2277 567 2326 priores
595 2278 718 2315 secuti
746 2285 834 2316 sunt
856 2277 1048 2322 Editores‚
1075 2291 1152 2315 non
1182 2290 1267 2316 esse
1298 2277 1521 2315 mutandum
1550 2291 1641 2316 een-

187 2336 270 2373 sui:
299 2335 386 2386 qnia
415 2337 519 2374 haud
549 2338 678 2388 magni
706 2351 797 2376 sane
826 2339 1009 2376 momenti
1039 2352 1099 2376 res
1135 2345 1206 2384 est,
1238 2352 1326 2377 cum
1347 2352 1480 2377 omnes
1502 2339 1639 2378 eodem

186 2411 286 2434 anno
308 2398 560 2449 Olynthiacas
579 2399 730 2438 habitas
750 2400 865 2437 fuisse
888 2407 1065 2445 constet;
1098 2407 1136 2437 et
1164 2401 1379 2439 seeundum
1406 2401 1509 2438 hunc
1537 2401 1638 2439 ordi-

186 2472 271 2496 nem
293 2460 423 2497 citavit
443 2474 507 2498 eas
529 2461 582 2498 vir
602 2462 758 2500 doctiss.
779 2462 908 2513 deque
936 2475 978 2500 re
1009 2462 1177 2500 literaria
1205 2462 1348 2514 optime
1381 2461 1539 2500 meritus
1559 2462 1637 2500 Le-

183 2520 330 2564 landns,
349 2520 384 2557 in
406 2535 521 2572 opere
541 2536 622 2569 suo,
645 2524 948 2564 Demosthenem
967 2524 1187 2575 legentibus
1210 2523 1382 2577 apprime
1403 2524 1636 2570 necessario,

185 2581 275 2619 Vita
298 2582 458 2633 Philippi
480 2584 612 2634 Regis.
