1824 3171
264 178 337 225 34

654 180 1323 226 ΔΗΜΟΣΘΕΝΟὙΣ

191 316 244 350 23
257 292 334 354 τῆν
357 290 434 362 μὲν
458 293 672 383 ἡμετέραν
699 292 894 354 εὐήθειαν
930 292 981 344 τό
1011 316 1106 345 κατ
1143 292 1309 368 α’ρχας,
1350 291 1423 344 ’σ’τε
1451 293 1711 353 ΗΟλυνθιους

255 366 504 427 ἀπήλαυνόν
538 390 650 425 τινες
683 364 831 419 ενθενὸε
869 367 1206 437 βουλομεμνους
1183 377 1281 436 ημῖν
1307 365 1617 432 ὃιοιλεχθηναι,
1647 371 1710 434 τῷ

257 464 334 502 την
359 439 635 510 ἸΑμφιπ-ολιν
669 441 855 503 φάσκειν
889 439 1214 514 παραὸωσεινῙ
1228 439 1305 492 noa>
1341 465 1392 492 το
1426 439 1710 515 θρυλούμενον

786 539 795 556 ¹
811 535 859 565 καὶ
875 536 918 575 τῷ
933 535 966 565 τὸ
979 536 1182 576 θςυλλοὺμενᾶν

260 622 331 642 ποτε
343 611 424 642 ἓκεινο
435 612 593 653 ἆπὸῥρητον
604 612 653 642 τὴν
668 611 695 641 δὴ
708 608 851 640 Ὀλυνθίων
862 609 967 648 φιλίαν,

260 655 380 686 scilicet
399 654 511 695 εὑρίσκω
535 653 741 694 πςοο-οιγόμενον
761 658 821 682 etc.
853 653 968 688 Video,

262 698 439 736 Philippum
455 697 544 726 nobis
557 697 660 725 stultis
672 706 707 725 os
722 695 892 724 sublevisse
905 694 967 733 pri-

261 750 354 776 mum,
377 749 444 768 cuin
472 739 593 778 quidam
617 738 782 777 Olynthios
806 738 887 776 apud
911 747 966 766 uos

263 763 356 811 verbzi
365 781 498 811 facturos
510 782 580 810 hinc
590 780 841 819 repulerunt,hae
850 781 967 816 fraude,

262 824 342 862 quod
363 825 510 861 jactabat,
527 834 560 853 se
576 823 662 852 nobis
679 822 886 862 Amphipolim
908 827 968 852 tra-

261 866 406 901 diturum,
428 871 459 896 et
480 866 686 895 confecturum
712 876 852 895 arcanum
880 865 968 901 illud,

262 909 344 947 quod
360 909 523 947 aliquando
535 909 725 946 jactabatur:
748 908 870 937 invenio
882 908 967 942 item,

263 962 331 980 eum
355 952 570 990 Olynthiorum
586 951 748 980 amicitiam
766 950 825 979 sibi
842 950 968 980 concili-

262 1002 342 1028 asse,
360 998 420 1023 etc.
443 995 533 1024 Nunc
549 994 585 1022 ad
603 999 705 1032 partes
725 993 895 1022 veniamus:
920 992 969 1022 καὶ

262 1035 295 1065 τὸ
310 1035 525 1078 θρυλλοῦμενον]
549 1035 611 1065 Hic
629 1046 702 1066 vero
718 1036 804 1065 locus
821 1037 968 1065 obscurus

263 1083 320 1114 est,
342 1085 373 1108 et
394 1079 474 1108 haud
496 1079 571 1113 scio,
597 1089 633 1107 an
658 1079 814 1118 quisquam
840 1078 890 1113 sit,
915 1078 968 1116 qui

262 1131 330 1150 eum
347 1132 363 1150 a
385 1132 416 1151 se
440 1122 527 1160 plane
551 1121 682 1160 intelligi
706 1121 852 1150 affirmare
877 1120 966 1150 ausit.

263 1163 363 1193 Causa
378 1164 573 1194 obscuritatis
588 1169 646 1200 est,
662 1164 793 1202 primum
814 1163 967 1202 ignoratio

262 1205 408 1242 historiae,
419 1208 507 1245 eujus
522 1207 553 1235 fit
569 1207 690 1236 mentio.
716 1206 837 1235 Deinde
852 1205 968 1245 οἷπόῤῥη-

261 1259 307 1277 τον
321 1253 351 1278 et
366 1248 569 1288 ἓςυλλοόμενον
582 1259 716 1288 pugnare
731 1248 882 1277 videntur.
905 1249 967 1278 Po-

262 1296 375 1320 stremo
392 1291 566 1330 ambiguum
589 1296 635 1320 est
656 1289 814 1330 ἆπόῤῥητον,
834 1290 912 1319 sitne
929 1290 966 1319 ad

262 1332 480 1385 θξυλλούμενονὶ
507 1344 542 1362 an
571 1343 646 1363 vero
676 1334 714 1362 ad
742 1332 967 1362 κατασκευάσειν

262 1374 497 1415 ἐωιῤῥηματικῶς
517 1376 717 1406 referendum
757 1376 802 1404 Ac
825 1375 906 1414 quod
928 1375 967 1404 ad

264 1417 419 1447 historiam
444 1419 560 1454 attinet,
580 1419 740 1448 credamus
763 1427 833 1446 sane
859 1419 967 1446 Graeco

262 1460 420 1500 interpreti
440 1461 582 1499 Ulpiano.
621 1461 742 1490 Deinde
765 1459 968 1499 ἓςυλλούμενον

262 1501 394 1542 intelligi
417 1508 523 1542 potest
547 1513 606 1532 non
628 1503 660 1532 id
679 1502 781 1536 modo,
798 1502 879 1540 quod
903 1512 967 1530 om-

261 1545 342 1574 nium
360 1556 497 1575 sermone
519 1547 701 1581 celebratur,
718 1545 772 1574 sed
793 1555 852 1583 quo
868 1545 906 1573 de
923 1545 967 1574 in-

260 1592 307 1617 ter
323 1599 376 1618 eos
390 1589 482 1618 verba
495 1589 579 1623 fiunt,
591 1598 718 1627 quorum
733 1587 886 1626 negotium
904 1587 966 1625 agi-

261 1635 321 1666 tur,
348 1631 415 1661 aliis
444 1630 592 1669 ignotum.
631 1632 680 1660 Ita
707 1640 799 1659 unum
826 1634 857 1658 et
886 1629 967 1659 idem

261 1673 502 1703 Atheniensibus
523 1678 553 1703 et
576 1673 719 1712 Philippo
742 1671 965 1712 ἓξυλλούμενονε

261 1714 419 1754 Pydnaeis,
449 1715 629 1745 Potidaeatis
653 1721 684 1744 et
707 1715 966 1753 Amphipolitauis

258 1757 416 1798 ἀωόῤῥητον
430 1768 497 1788 esse
517 1759 628 1796 potuit.
665 1758 768 1787 Potuit
784 1758 874 1786 etiam
893 1757 967 1792 fieri,

259 1805 292 1829 ut
309 1800 473 1840 Philippus
490 1800 722 1839 pollicitaretur,
739 1810 771 1829 se
784 1799 965 1829 collaturum

258 1843 409 1881 quoddam
422 1843 452 1872 in
469 1843 667 1872 Athenienses
685 1841 874 1877 heneficium,
885 1842 966 1880 quod

256 1889 372 1920 tamen,
387 1887 427 1915 ob
446 1885 620 1923 adjunctum
645 1884 827 1923 periculum,
842 1884 966 1923 vulgan-

257 1928 328 1956 dum
347 1928 477 1957 nondum
495 1933 576 1957 esset
591 1938 598 1956 :
623 1928 704 1957 sicut
721 1927 856 1957 Pericles
873 1927 902 1956 in
919 1938 967 1957 re-

258 1970 393 1999 ferendis
409 1970 577 2000 rationibus
599 1970 636 1999 ad
656 1970 803 2009 populum
824 1969 917 2005 dixit,
934 1980 965 1999 se

257 2012 373 2050 aliquot
393 2014 504 2042 talenta
523 2012 561 2047 εἷς
585 2011 640 2042 δέον
660 2010 837 2047 ἀνηλωκέναι,
852 2012 881 2041 id
906 2017 966 2048 est,

258 2055 373 2084 utiliter
382 2061 409 2085 et
426 2057 586 2094 tempestive
597 2056 768 2089 insumsisse,
781 2055 892 2093 quibus
906 2055 965 2084 La-

258 2098 461 2127 cedaemonios
474 2098 620 2136 quosdam
634 2103 822 2135 corruperat.
840 2097 964 2127 Postre-

258 2150 305 2169 mo
316 2140 537 2180 κατασκευάζειν
549 2151 578 2169 τι
591 2139 738 2180 ἀπόῤῥητον
747 2150 801 2179 pro
810 2138 835 2168 ἓν
849 2139 966 2180 ἀποῤῥή-

256 2193 298 2220 ’τῳ
317 2183 366 2211 vel
390 2183 560 2223 ἀποῤῥίιτως,
584 2182 696 2212 usitata
722 2187 752 2211 et
778 2183 868 2221 plana
893 2192 964 2211 con-

259 2225 388 2254 structio
404 2230 462 2255 est.
487 2226 565 2255 Haec
581 2225 607 2254 si
623 2225 673 2254 cui
686 2235 744 2254 non
762 2225 965 2260 satisfaciunt,

258 2266 284 2295 is
301 2267 437 2304 planiora
460 2272 490 2297 et
515 2267 646 2297 certiora
666 2271 791 2305 quaerat.
822 2268 965 2296 Socrates

259 2309 460 2339 scholasticus
477 2310 702 2340 Ecclesiasticae
717 2309 852 2339 historia:
868 2309 922 2339 lib.
935 2313 963 2339 1.

259 2352 443 2382 locutionem
460 2353 550 2382 habet
575 2363 633 2381 non
657 2351 839 2380 dissimilem
861 2352 965 2381 admo-

258 2394 329 2422 dum
343 2406 348 2422 :
374 2392 402 2424 ’ἦν
417 2394 444 2424 δὲ
462 2395 473 2423 ὁ
490 2393 612 2434 διωγμὸς
628 2394 832 2434 θρυλλούμενος
853 2392 878 2423 ἐν
894 2394 964 2423 ταὺ-

258 2436 303 2473 *qu
325 2436 372 2464 καὶ
393 2436 551 2476 ἀπόῤῥητος·
573 2436 729 2475 ἐκρύπτετό
754 2447 786 2465 τε
810 2435 852 2475 τῷ
880 2435 966 2475 λόγῳ,

258 2477 305 2506 καὶ
322 2477 388 2517 ἔργῳ
404 2477 434 2507 35v
451 2479 570 2519 φανεξός.
596 2479 701 2508 IDEM.

302 2519 450 2560 Εὐήθειιιν]
480 2523 557 2551 Haec
581 2531 653 2555 vox,
679 2530 768 2559 quam
794 2521 886 2559 vulgo
910 2531 965 2560 per

258 2561 363 2602 μωρίαν
384 2563 633 2601 interpretantur,
650 2569 774 2593 auctore
794 2563 902 2593 Thom.
921 2565 964 2593 M.

260 2615 289 2643 p.
306 2605 379 2636 5821.
402 2607 487 2644 war-p&
504 2605 674 2645 Δημοσθένει
697 2606 733 2638 εἷς
754 2606 965 2646 χρηστότη-

238 2682 241 2683 ⁷
259 2658 321 2679 τος
342 2645 423 2684 τάξιν
438 2648 540 2676 κεῖται.
564 2648 667 2677 Schol.
686 2647 764 2677 ἔστιν
781 2647 826 2676 ὅτε
844 2648 965 2687 πρᾳότη-

259 2700 299 2718 ‘ra
321 2701 367 2718 καί
395 2699 541 2719 Επίξίκείαν
559 2690 606 2718 καί
630 2702 662 2718 ΤΟ
688 2691 795 2720 απλοῖν
822 2703 834 2720 n
861 2690 965 2720 Ευηθξία

260 2730 402 2782 σημαίνει.
433 2733 784 2762 'lhuc.111.8;3.haec:
808 2731 840 2761 τὸ
859 2733 966 2769 εὔηθες,

261 2786 289 2803 ου
315 2773 347 2802 τὸ
373 2774 486 2811 γενναῖον
513 2776 649 2803 πλεῖστον
677 2784 811 2814 μετεχει.
835 2775 896 2804 vid.
921 2776 965 2804 in-

262 2821 363 2855 terpp.
378 2816 415 2845 ud
432 2816 461 2844 h.
477 2816 498 2845 l.
511 2822 541 2845 ct
555 2816 731 2846 llemsterh.
744 2818 781 2844 ad
800 2817 925 2846 Lucian.
939 2819 965 2847 1.

262 2870 291 2897 p.
312 2862 380 2888 101.
404 2857 529 2889 Riimc.

303 2903 356 2931 Τῆν
367 2899 541 2940 Ἀμφίπολιν
555 2901 671 2941 φάσκειν
686 2900 874 2941 meadum]
889 2902 964 2930 Vide

265 2944 398 2983 l'olyaen.
415 2944 547 2983 Strutng.
567 2944 586 2973 1.
604 2944 662 2974 IV.
682 2945 728 2973 17.
754 2943 912 2973 Demosth.
930 2955 963 2973 π.

1001 623 1032 640 τ.
1044 610 1135 641 Ἀλον.
1152 612 1245 642 Diod.
1262 613 1283 642 l.
1301 613 1392 643 XVI.
1409 613 1490 642 circa
1507 612 1572 643 init.
1584 617 1616 642 et
1635 614 1706 643 Not.

1002 654 1117 692 Philip.
1134 654 1161 683 1.
1178 654 1206 693 ᾗ.
1222 655 1243 684 ε’.
1260 655 1310 684 fin.
1334 656 1476 686 MousT.

1045 696 1226 736 Θρυλούμενόν
1251 708 1330 726 «ποτε
1356 697 1518 737 ἀπόῤῥητον]
1542 697 1706 735 Philippus

1001 739 1208 777 Amphipolim
1231 740 1356 769 liberam
1379 741 1544 769 dimiserat.
1579 740 1707 769 Atheni-

1001 791 1090 810 enses
1112 781 1216 820 itaque
1241 782 1328 819 hujus
1349 782 1431 812 urbis
1451 781 1635 820 recipiendae
1655 792 1707 811 cu-

1001 822 1078 862 pidi,
1094 823 1210 863 legatos
1226 825 1262 853 ad
1282 824 1453 863 Philippum
1470 824 1605 859 mittunt,
1617 834 1708 862 opem

1001 866 1031 895 in
1045 866 1100 895 hac
1116 877 1148 896 re
1169 871 1319 904 petentes,
1337 871 1367 896 et
1386 877 1417 896 se
1436 867 1570 905 Pydnam
1587 866 1633 895 illi
1650 876 1714 904 pro·

1001 908 1055 937 tali
1075 909 1220 938 beneficio
1236 910 1360 938 daturos
1380 909 1601 948 promittentes.
1647 909 1708 938 Sed

1001 961 1038 980 ne
1056 951 1197 989 Pyduwi,
1214 951 1373 991 imperium
1391 951 1528 990 Philippi
1546 961 1709 989 aspernan-

1001 997 1061 1029 tes,
1077 993 1193 1032 aliquid
1210 994 1324 1023 interea
1336 993 1526 1028 molirentur,
1546 1003 1596 1022 res
1615 993 1644 1021 in
1662 1003 1709 1022 se·

1001 1040 1072 1064 natu
1082 1036 1159 1066 clam
1175 1041 1243 1066 acta
1258 1041 1335 1071 erat,
1349 1045 1457 1075 neque,
1468 1041 1501 1066 ut
1513 1036 1635 1065 solitum
1648 1040 1708 1072 est,

1001 1079 1039 1107 ad
1067 1080 1212 1117 populum
1238 1079 1478 1108 relata—Hane
1505 1078 1707 1107 narrationem

1001 1121 1094 1150 citant
1113 1122 1258 1160 Ulpianus
1275 1126 1305 1151 et
1321 1121 1429 1151 Suidas
1446 1132 1484 1150 ex
1498 1121 1708 1160 Theopompo.

1003 1162 1048 1192 Ex
1065 1165 1134 1193 edit.
1159 1164 1280 1194 Srocx.

1043 1207 1091 1234 Τῶ
1109 1205 1326 1246 θξυλλούμενόν]
1352 1205 1412 1235 Alii
1437 1206 1554 1245 legunt,
1569 1203 1603 1235 τὸ
1608 1205 1707 1254 §puz-

1000 1247 1127 1287 λούμενόν
1141 1259 1175 1278 π.
1193 1250 1221 1278 ἀ.
1242 1247 1264 1277 ἐ.
1288 1248 1525 1284 κατασκευά-ειν,
1544 1253 1576 1277 et
1591 1247 1636 1276 sic
1661 1248 1706 1276 in-

1001 1292 1228 1329 terpretandum
1251 1291 1320 1327 erit,
1348 1271 1588 1329 Philippunique
1602 1290 1705 1327 jacta-

1001 1338 1063 1362 tum
1080 1334 1156 1363 illud
1171 1333 1479 1374 aliquanduarcanum
1491 1332 1703 1373 confecturum.

1000 1376 1121 1406 Srocx.

1043 1418 1081 1448 Τό
1103 1416 1284 1458 θξυλοῦμενόν
1298 1435 1340 1440 —-
1355 1417 1589 1457 κατασκευάσαι]
1614 1417 1705 1455 Vulg.

1001 1471 1056 1499 pro
1075 1460 1108 1490 τὸ
1131 1461 1242 1499 legitur
1257 1460 1309 1499 τῷ.
1344 1460 1462 1490 Reiske
1479 1465 1639 1498 utrumque
1655 1470 1708 1489 co-

1000 1503 1137 1542 pulavit;
1153 1504 1208 1532 sed
1218 1503 1304 1532 multi
1318 1502 1387 1532 libri
1403 1502 1480 1532 illud
1495 1502 1707 1540 habent,quod

1001 1546 1158 1575 confirmat
1186 1545 1296 1575 Suidas
1324 1546 1360 1575 ¹1¹.
1392 1546 1456 1574 111.
1487 1546 1561 1574 467.
1590 1545 1641 1583 qui
1667 1555 1707 1575 ex

1000 1588 1188 1627 Theopomp.
1204 1588 1224 1618 l.
1237 1590 1290 1618 31.
1303 1592 1413 1624 narrat,
1427 1588 1522 1616 fuisse
1537 1587 1656 1626 legatos
1669 1588 1708 1616 ab

1002 1631 1240 1660 Atheniensibus
1259 1631 1298 1660 ad
1320 1611 1495 1669 Philippum
1518 1630 1639 1664 missos,
1655 1629 1707 1668 qui

1001 1673 1038 1702 de
1053 1673 1187 1702 amicitia
1201 1677 1337 1711 agerent,
1353 1673 1418 1702 haec
1433 1673 1565 1702 addens:
1589 1685 1610 1701 οι
1603 1670 1709 1713 (πςε-

1000 1713 1093 1754 cem)
1104 1715 1268 1754 συμπείθειν
1283 1715 1364 1744 αὑτὸν
1377 1713 1543 1755 ἐπεχείρουν,
1554 1713 1580 1744 ἐν
1594 1714 1710 1754 ἂποῤῥή-

1000 1769 1041 1796 τῳ
1057 1758 1257 1797 συμπράττειν
1271 1755 1429 1792 Ἀθηναίοις,
1446 1757 1518 1790 ὅπως
1533 1757 1565 1786 ἂν
1581 1757 1708 1789 λάβωσιν

1000 1798 1194 1839 Ἀμφίπολιν,
1225 1799 1446 1840 ὑπισχνούμενοι
1476 1798 1579 1829 Πύδναν
1594 1810 1600 1828 ;
1636 1799 1705 1828 hinc

1001 1847 1096 1880 patet,
1111 1843 1167 1871 hoo
1183 1853 1323 1871 arcanum
1343 1843 1416 1871 nihil
1434 1852 1500 1871 esse
1517 1841 1600 1872 aliud
1617 1851 1705 1880 quam

1001 1883 1033 1913 τὸ
1058 1884 1248 1924 τὴνἈμψίπ.
1272 1884 1469 1924 ωαςοιδῶσειν;
1494 1894 1561 1922 quae
1585 1884 1627 1923 τῷ
1653 1884 1706 1913 vix

1001 1927 1071 1956 ferri
1089 1933 1197 1966 potest.
1228 1927 1345 1957 Eodem
1365 1928 1454 1956 inodo
1471 1927 1573 1965 paullo
1589 1930 1659 1965 post
1673 1925 1708 1955 τό

1000 1968 1102 2008 ἐξελεῖν
1114 1976 1143 1999 et
1158 1970 1290 2000 ἀδικῆσαι
1302 1970 1340 1998 ad
1353 1970 1477 1999 eandem
1495 1979 1557 1998 rem
1575 1973 1645 1998 sunt
1659 1979 1708 1998 re-

1002 2012 1134 2048 ferenda,
1151 2013 1192 2042 ita
1213 2017 1324 2047 tannen,
1346 2017 1379 2041 ut
1399 2011 1527 2041 alterum
1549 2022 1588 2041 ex
1610 2011 1708 2041 altero

1000 2054 1140 2084 effectum
1165 2055 1226 2091 sit3
1249 2055 1331 2093 quod
1357 2055 1458 2094 ipsum
1485 2059 1518 2084 ut
1539 2055 1578 2083 de
1603 2057 1707 2083 nostro

1000 2108 1120 2136 quoque
1134 2098 1201 2127 loco
1219 2097 1329 2132 valeat,
1344 2097 1532 2136 repudianda
1542 2097 1600 2125 erit
1614 2096 1707 2126 lectio

999 2141 1236 2175 κατασκευάσειν,
1252 2150 1319 2178 quae
1336 2140 1393 2169 etsi
1410 2139 1475 2169 veri
1492 2139 1626 2178 speciem
1642 2149 1707 2178 prae

1000 2192 1033 2211 se
1046 2182 1135 2217 ferat,
1147 2188 1257 2217 tamen,
1270 2193 1305 2212 ea
1315 2185 1450 2220 recepta,
1464 2182 1537 2211 nihil
1555 2181 1637 2211 aliud
1651 2182 1707 2210 bac

999 2224 1068 2263 ipsa
1097 2225 1307 2254 enunciatione
1334 2224 1447 2254 dicitur
1473 2234 1562 2262 quam
1590 2233 1707 2262 praece-

1000 2266 1096 2296 denti.
1121 2268 1180 2297 Sed
1198 2268 1269 2297 lect.
1284 2267 1365 2306 vulg.
1378 2267 1598 2296 κατασκευάσαι
1609 2265 1706 2304 aptio-

1001 2320 1062 2338 rem
1083 2311 1231 2347 praehehit
1253 2319 1386 2344 sensum,
1409 2314 1441 2337 ut
1466 2308 1586 2338 Reiskii
1601 2307 1707 2338 verbis

1001 2357 1082 2381 utar:
1102 2357 1121 2369 ‘⁴
1134 2352 1330 2381 clandestinis
1346 2351 1524 2385 amicornm,
1539 2361 1616 2390 quos
1632 2351 1707 2380 Phi-

1000 2394 1102 2433 lippus
1112 2394 1241 2424 Athenis
1253 2395 1363 2429 alebat,
1375 2393 1582 2423 molitionibus
1595 2393 1708 2427 ess'ecit,

1001 2443 1034 2466 ut
1060 2437 1136 2466 tides
1162 2437 1323 2467 haberetur
1347 2437 1390 2466 illi
1416 2437 1567 2475 quondam
1592 2435 1707 2464 celebri

1001 2478 1150 2515 arcano;'’
1168 2480 1210 2509 ita
1225 2480 1306 2518 quod
1325 2480 1480 2518 professus
1498 2484 1545 2508 est
1563 2489 1594 2507 se
1611 2479 1707 2506 sactu-

1000 2532 1081 2556 rum,
1095 2522 1124 2550 id
1143 2522 1242 2561 ipsum
1260 2522 1337 2551 clam
1355 2522 1482 2560 paravit.
1520 2522 1596 2550 Nam
1611 2531 1705 2548 κατα,-

1000 2563 1143 2603 σκευάζειν
1159 2565 1249 2594 etiarn
1264 2564 1430 2603 significat:
1455 2573 1561 2602 parare
1576 2563 1705 2600 aliquid.

1001 2612 1035 2635 nt
1051 2608 1108 2635 tale
1126 2608 1270 2642 rideatur,
1287 2608 1371 2645 quale
1387 2617 1443 2635 nnn
1466 2610 1518 2634 cst.
1554 2604 1706 2633 Dicuntur

1001 2649 1078 2678 enim
1096 2648 1228 2678 διαθῆκαι
1243 2647 1521 2687 κατεσκευασμέναι,
1542 2647 1596 2675 otr.
1615 2647 1705 2675 Deru.

1001 2701 1032 2729 p.
1049 2693 1142 2726 1107,
1162 2695 1209 2722 18.
1222 2691 1335 2720 ed.1<.:
1353 2690 1495 2719 diversus
1511 2690 1599 2726 hujus
1616 2699 1706 2717 voca-

1003 2732 1064 2762 buli
1085 2743 1194 2762 sensus
1212 2733 1306 2762 oritnr
1330 2743 1368 2761 ex
1393 2733 1516 2761 diversa
1534 2731 1706 2770 praepositi-

1002 2774 1068 2804 onis
1089 2777 1165 2804 κατὰ
1183 2775 1423 2812 significatione;
1446 2774 1525 2803 idem
1542 2774 1653 2802 accidit
1675 2774 1705 2803 in

1002 2817 1102 2846 *erbis
1116 2827 1184 2846 oum
1201 2819 1278 2856 παξὲ
1288 2816 1476 2855 compositis,
1491 2817 1578 2854 cujus
1593 2816 1634 2845 rei
1652 2827 1706 2845 ex-

1002 2859 1101 2897 emplu
1119 2859 1180 2888 vid.
1198 2859 1276 2897 apud
1296 2859 1391 2887 Zeun.
1405 2859 1441 2887 ad
1456 2859 1525 2897 vig.
1542 2861 1615 2888 (351.
1647 2858 1706 2888 Ιίἰί-

1004 2911 1076 2931 nio.
1111 2906 1118 2917 ⁴
1133 2901 1191 2930 The
1215 2908 1301 2931 secret
1325 2902 1383 2930 um!
1408 2901 1478 2930 close
1500 2907 1603 2931 matter
1628 2899 1706 2935 was‚'

1001 2943 1098 2981 inquit
1112 2944 1147 2974 Τ.
1164 2943 1285 2975 Wilson
1308 2944 1415 2974 hun.
1444 2943 1472 2973 in
1489 2943 1622 2983 margine
1639 2953 1706 2973 ver-
