1824 3171
206 152 313 190 cxcvi
635 153 847 193 REISKII
888 155 1179 195 PRAEFATIO

210 266 354 303 genere
371 253 592 299 communis,
609 261 647 292 et
666 263 706 293 ut
726 258 908 306 praeclara
928 259 1086 296 aliorum
1106 258 1258 296 inventa
1275 256 1412 295 lubens
1430 264 1469 296 et
1488 258 1657 308 gestiens

209 328 480 360 commemorm
498 316 688 362 collaudo,
703 319 936 370 depraedico,
952 322 1006 359 sic
1022 321 1188 372 lapsibus
1206 333 1333 357 eorum
1345 320 1467 357 facilis
1483 320 1654 370 ignosco.

214 377 339 417 Quam
368 376 529 414 eandem
555 378 777 428 aequitatem
805 381 851 418 ab
880 382 960 418 aliis
990 394 1143 432 quoque
1163 381 1253 417 mihi
1284 388 1321 418 et
1340 381 1508 431 deposco
1533 388 1571 418 et
1589 393 1656 430 spe

214 437 406 487 praecipio,
432 450 594 487 meoque
627 439 718 475 mihi
742 443 828 487 Jure
850 441 1087 492 despondeo.
1144 440 1395 479 Contumeliis
1418 441 1480 490 qui
1509 454 1570 478 me
1590 440 1666 478 affi-

212 497 327 543 cient,
345 499 484 548 probra
503 498 540 534 in
556 511 616 535 me
637 499 700 548 qui
718 501 937 549 conjicient,
962 502 1191 539 Adrasteam
1211 501 1262 538 illi
1278 501 1381 538 haud
1401 500 1595 550 effugient.
1618 507 1660 538 ut

208 570 334 608 neque
365 558 537 609 Toupius
566 559 712 608 effugit.
766 561 884 598 Juvat
905 562 1005 599 enim
1035 562 1137 599 hunc
1161 575 1240 612 prae
1266 561 1415 598 caeteris
1437 573 1470 598 e.
1499 575 1534 600 c.
1555 574 1658 599 com·

209 630 446 662 memorare;
475 632 561 656 cum
581 619 683 669 quod
711 632 848 658 recens
871 635 953 658 sum
974 634 997 659 a
1015 623 1182 659 lectione
1205 621 1541 665 Emendationum‚
1563 634 1657 671 quas

209 679 249 717 in
273 679 428 721 Suidam
449 680 593 723 edidit;
621 687 699 716 tum
721 682 823 730 quod
843 682 943 720 fama
963 683 1044 727 viri,
1064 683 1120 720 his
1146 683 1184 719 in
1203 682 1312 720 terris
1341 682 1479 720 nostris
1507 694 1659 731 magna,

207 752 387 790 veraeque
407 743 486 788 ejus
506 740 652 786 laudes,
674 754 769 791 quas
799 743 898 779 ultro
918 744 986 794 ipsi
1007 744 1154 788 defero,
1178 755 1301 792 neque
1323 744 1558 788 obtrectabo‚
1580 757 1657 780 non

205 799 334 837 sinunt
361 814 421 838 me
454 801 659 839 adversarii
686 810 764 840 tam
792 804 927 842 nobilis
951 805 1106 855 pudere.
1163 805 1340 841 Aliorum
1360 804 1472 848 enim,
1493 805 1658 843 minuto-

209 874 291 898 rum
311 862 548 907 catellorum,
579 863 802 912 ignavorum
825 873 864 902 et
890 865 1093 902 imbellium
1114 866 1288 909 latratus,
1318 865 1429 902 facile
1449 865 1548 904 ferat
1570 866 1659 903 Mo·

207 921 329 961 lossus
361 929 400 959 et
429 930 661 960 contemnat.
718 925 959 975 Quamquam
992 926 1188 975 aegerrime
1219 925 1316 970 fero,
1344 937 1367 962 a
1387 927 1532 972 juvene
1551 930 1659 975 (nam

204 983 388 1031 juvenem
415 982 486 1020 ista
504 983 695 1033 scripsisse
718 984 907 1036 Toupium
938 992 1018 1023 tota
1043 986 1260 1036 scriptionis
1286 985 1383 1023 ratio
1411 987 1551 1036 prodit,
1574 1001 1661 1038 pro-

210 1042 306 1079 dunt
331 1056 458 1080 mores
487 1043 597 1081 nimis
618 1045 816 1093 denudati)
844 1060 1010 1084 summos
1038 1047 1149 1090 viros,
1182 1046 1433 1096 Scaligerum,
1465 1049 1660 1087 Casaubo·

208 1117 314 1149 num,
340 1104 578 1150 salmasium,
605 1106 954 1153 Hemsterhusium‚
976 1108 1207 1153 Ernestium,
1227 1107 1453 1146 intolerabili
1480 1117 1519 1146 et
1536 1111 1660 1160 poenis

211 1164 383 1202 civilibus
405 1165 520 1215 digna
539 1165 680 1215 linguae
705 1168 898 1216 protervia
925 1168 1131 1218 proscindi,
1162 1181 1241 1204 rem
1270 1175 1397 1205 tamen
1416 1169 1516 1206 hanc
1534 1183 1659 1211 meam

211 1238 290 1263 non
323 1226 437 1271 facio,
474 1225 635 1263 viderint
656 1227 739 1277 ipsi,
773 1236 839 1265 aut
873 1241 1002 1265 eorum
1034 1229 1220 1273 vindices,
1258 1242 1351 1279 quas
1385 1230 1662 1269 maledicentiae

212 1300 344 1337 poenas
374 1288 421 1325 ab
442 1287 597 1324 homine
618 1301 727 1333 van0,
748 1295 788 1326 et
816 1290 1043 1340 arrogantiae
1064 1290 1176 1340 pleno
1194 1297 1384 1340 repetant,
1401 1304 1531 1328 scuria
1548 1306 1660 1342 paene

214 1348 386 1389 dixerim.
443 1347 546 1390 Quid
572 1348 672 1385 enim
692 1349 794 1386 aliud
812 1363 924 1400 quam
946 1351 1213 1389 scurrilitatem
1239 1351 1444 1397 nominem,
1464 1365 1579 1402 quum
1599 1366 1661 1391 me

211 1408 264 1446 ait
291 1415 414 1446 vestes
447 1409 588 1446 alienas
621 1423 690 1460 pro
723 1423 828 1448 more
861 1425 948 1449 meo
981 1413 1292 1450 commaculasse.
1348 1414 1435 1454 Quo
1467 1413 1532 1450 ille
1562 1414 1663 1453 ferat

212 1469 339 1510 animo
357 1469 387 1507 si
408 1483 482 1519 ego
503 1470 553 1506 illi
572 1471 763 1520 probrum,
782 1473 886 1521 quod
903 1474 1147 1523 optimojure
1167 1473 1306 1524 possim
1326 1472 1469 1518 facere,
1483 1474 1514 1511 si
1532 1475 1660 1521 velim,

210 1530 248 1572 in
269 1544 310 1567 os
331 1531 533 1580 regeram?
567 1531 644 1568 Vix
664 1532 804 1582 pagina
822 1534 869 1571 sit
892 1534 1010 1571 totius
1030 1535 1125 1580 libri,
1147 1547 1223 1585 qua
1249 1547 1325 1571 non
1343 1541 1513 1572 veterum
1534 1543 1665 1573 aucto-

211 1604 294 1632 rum
314 1599 442 1629 vestes
461 1605 530 1642 pro
552 1605 657 1630 more
677 1606 745 1630 suo
767 1596 1114 1635 commaculaverit.
1171 1596 1220 1634 Id
1240 1596 1359 1645 quod,
1378 1596 1408 1632 si
1428 1609 1586 1635 necesse
1601 1597 1661 1643 sit,

211 1652 313 1693 facili
334 1654 491 1703 negotio
511 1654 632 1704 possit
651 1654 914 1694 demonstrari.
972 1657 1084 1695 Tune
1100 1656 1190 1694 mihi
1211 1657 1380 1694 scabiem
1400 1664 1503 1696 tuam
1524 1671 1663 1709 expro-

212 1713 338 1751 brabis
351 1714 369 1750 Ρ
401 1715 531 1752 Homo
552 1728 647 1759 sum,
663 1728 785 1766 neque
805 1730 866 1755 me
886 1717 985 1768 fugit
1003 1722 1222 1769 προπέτειαν
1242 1717 1413 1755 criticam
1433 1718 1558 1756 labem
1577 1732 1661 1758 esse

212 1775 302 1812 mihi
320 1782 521 1826 cognatam
538 1783 577 1814 et
597 1776 734 1814 intimis
761 1777 865 1816 fibris
887 1779 1052 1817 infixam.
1110 1779 1190 1816 Sed
1209 1785 1262 1824 tu,
1288 1778 1352 1828 qui
1371 1779 1508 1815 eodem
1529 1781 1663 1818 morbo,

215 1836 380 1883 laboras,
400 1850 468 1874 cur
488 1844 526 1875 te
542 1850 617 1874 non
639 1838 794 1888 respicis
807 1840 825 1875 P
853 1853 919 1876 cur
947 1840 1076 1890 lapsus
1101 1852 1206 1876 meos
1234 1839 1418 1889 exagitas,
1438 1840 1538 1878 bene
1558 1854 1582 1878 a
1599 1854 1662 1878 me

215 1898 455 1944 traditorum,
473 1901 548 1935 τῶν
570 1898 873 1949 κατορθωμάτων,
894 1901 1094 1938 immemor
1107 1900 1126 1936 Ρ
1157 1900 1294 1937 Peram
1316 1913 1386 1937 cur
1403 1901 1554 1938 excutis
1573 1908 1663 1940 ante

217 1965 352 2009 pectus
373 1959 544 2009 positam,
561 1959 720 2009 posticae
742 1960 882 1997 oblitus
896 1961 914 1997 P
950 1961 1204 1998 sedulitatem
1225 1973 1395 2010 agnosco
1414 1968 1532 2006 tuam,
1556 1969 1595 1999 et
1609 1962 1664 2000 se-

213 2018 411 2066 licitatem‚
435 2020 472 2056 in
491 2019 659 2061 fontibus
686 2021 896 2070 glossarum
930 2022 1058 2060 Suidae
1090 2022 1378 2071 investigandis.
1433 2022 1663 2061 Felicissime

214 2093 296 2117 rem
324 2080 438 2131 geris,
459 2080 523 2122 ubi
552 2093 600 2119 ex
630 2080 720 2132 ipsis
741 2082 928 2120 cubilibus
949 2083 1171 2133 glossarum,
1202 2090 1240 2120 et
1272 2082 1429 2119 aliorum
1463 2091 1664 2125 auctorum

217 2143 500 2192 comparatione
520 2142 724 2180 emendare
743 2143 845 2182 licet.
902 2144 979 2182 Ubi
1005 2150 1129 2181 autern
1149 2144 1302 2194 ingenio
1321 2145 1489 2194 gerenda
1508 2159 1567 2183 res
1587 2154 1662 2192 est,

214 2201 266 2238 ibi
289 2203 499 2252 turpissime
519 2203 608 2240 ruis.
666 2203 876 2242 Hominem
903 2204 1077 2255 profecto
1106 2205 1161 2242 tui
1181 2205 1338 2249 ordinis,
1360 2205 1541 2243 clericum
1563 2207 1665 2244 enim

214 2268 252 2305 te
273 2275 355 2300 esse
377 2263 509 2300 titulus
530 2264 615 2300 libri
635 2264 690 2300 tui
708 2264 860 2309 indicat,
882 2279 957 2302 non
977 2266 1144 2303 decebat
1162 2266 1378 2302 thrasonem
1406 2278 1522 2316 agere
1543 2268 1592 2304 de
1613 2267 1667 2304 lu-

215 2324 347 2373 panari
381 2325 509 2361 adhuc
540 2325 753 2368 calentem;
785 2327 934 2362 veneris
965 2326 1178 2375 vulgivagae
1211 2326 1387 2377 mysteria
1417 2327 1665 2378 ἐξορχεῖσθαι,

217 2397 366 2422 summa
386 2385 539 2435 ingenia
555 2385 602 2422 de
623 2394 736 2435 ponte
752 2387 857 2436 quasi
878 2387 1059 2435 dejicere.
1118 2387 1223 2424 Nihil
1244 2386 1421 2438 profecto
1439 2388 1562 2426 minus
1577 2402 1667 2427 con-

217 2445 322 2481 venit
337 2445 424 2483 viris
445 2445 685 2483 humaniores
707 2446 833 2484 literas
854 2447 1045 2497 professis,
1067 2460 1179 2497 quam
1200 2447 1236 2484 in
1257 2447 1349 2484 alios
1366 2448 1465 2485 bene
1485 2449 1534 2486 de
1549 2449 1668 2490 literis

217 2506 354 2543 mereri
376 2513 611 2555 satagenteS,
634 2514 672 2543 ct
695 2514 841 2544 tantum
863 2515 1099 2558 praestantes,
1121 2515 1302 2557 quantum
1325 2520 1394 2558 pro
1414 2521 1451 2545 re
1472 2516 1562 2547 nata
1580 2523 1666 2560 pos-

216 2574 315 2611 sunt,
350 2567 472 2604 modis
503 2567 718 2604 inhumanis
752 2569 897 2606 saevire.
956 2570 1033 2606 Sed
1061 2570 1146 2607 baec
1175 2569 1307 2606 obiter.
1365 2569 1431 2606 Ad
1464 2583 1541 2607 rem
1571 2584 1666 2621 prae-

217 2633 363 2664 sentem
383 2627 512 2664 redeo.
573 2627 796 2678 Segregavi,
825 2643 936 2666 secus
966 2643 1077 2680 quam
1099 2629 1242 2680 Taylor
1269 2629 1372 2674 fecit,
1399 2629 1587 2668 variantes
1615 2633 1665 2670 ab

218 2688 626 2725 animadversionibus.
684 2689 727 2726 In
760 2689 817 2727 his
847 2690 1026 2740 quicquid
1059 2690 1094 2726 in
1131 2697 1242 2726 texto
1276 2689 1457 2726 Parisinoe
1491 2691 1665 2731 editionis

217 2749 372 2791 mutavi,
406 2749 538 2786 sedulo
573 2748 748 2786 indicavi.
809 2750 1040 2800 Simpliciter
1065 2763 1151 2787 cum
1173 2750 1271 2793 dico,
1303 2752 1455 2798 correi-i,
1485 2759 1551 2788 aut
1571 2753 1663 2798 dedi,

218 2809 312 2846 certi
332 2809 439 2846 velim
461 2809 534 2846 sint
554 2809 785 2857 lcct01·cs,id
802 2824 849 2847 cx
869 2810 1031 2859 antiquis
1053 2810 1168 2854 libris,
1191 2809 1268 2847 sive
1288 2810 1412 2855 editis,
1434 2811 1510 2847 sive
1532 2825 1664 2850 manu-

215 2870 380 2921 scriptis,
400 2878 565 2907 sumtum
586 2883 681 2907 csse.
707 2872 806 2909 unde
836 2878 999 2908 sumtum
1027 2871 1205 2921 quodqiie
1233 2871 1292 2916 sit,
1315 2871 1468 2910 docebit
1489 2872 1583 2910 liber
1603 2887 1664 2913 va.
