1824 3171
572 184 645 222 AD
676 181 1146 222 DEMOSTHENEM.
1463 179 1595 220 clxxiii

127 294 294 345 quodam
315 290 450 330 Italico
468 287 648 339 loquitur,
678 287 730 324 nil
751 287 952 333 definiens,
975 290 1085 335 cujus
1110 285 1173 323 ille
1194 280 1443 322 bibliothecae
1462 285 1590 323 fuerit.

133 354 342 405 Exemplar
376 350 578 394 Aldinum,
610 350 673 387 cui
706 350 760 387 vir
792 349 949 399 quidam
980 348 1119 385 doctus
1150 347 1343 385 variantes
1365 346 1500 383 dicitur
1529 347 1594 384 ad-

131 415 336 465 scripsisse,
357 411 511 449 videtur
531 411 646 449 hodie
664 411 702 447 in
722 410 964 448 bibliotheca
979 409 1209 460 Bodleyana
1230 408 1370 445 Oxonii
1393 408 1595 452 asservari,

133 484 173 515 et
187 476 241 513 vir
260 475 323 511 ille
337 473 474 511 doctus
492 473 628 510 Petrus
649 472 821 510 Pithoeus
838 484 937 510 esse.
994 470 1148 521 Colligo
1164 468 1204 507 id
1224 483 1245 507 e
1265 475 1474 520 conspectu
1492 469 1596 519 Tay-

132 538 278 580 lorano,
299 534 363 572 ubi
391 534 530 579 codex,
551 547 666 584 quem
694 533 842 584 Taylor
862 534 1056 571 venetum
1086 531 1266 582 appellat,
1296 530 1352 568 sic
1386 536 1594 568 enarratur.

131 596 303 648 [Codex,
320 602 363 633 ut
380 603 557 633 constare
577 609 690 646 posse
710 595 887 641 arbitror,
910 595 950 633 S.
972 594 1100 632 Marci
1114 593 1297 632 Venetiis.
1318 593 1512 631 variantes
1533 606 1598 630 ex-

130 657 236 709 cepit
256 657 312 694 vir
340 657 539 695 industriae
569 664 607 695 et
632 656 723 695 fidei
755 669 914 694 summae
942 656 1081 694 Petrus
1117 655 1301 693 Pithoeus.
1359 655 1421 692 Ex
1449 654 1596 692 Aldino

131 719 341 771 exemplari
375 719 414 757 in
445 719 684 758 bibliotheca
714 718 942 770 Bodleyana
971 718 1126 763 Oxonii‚
1157 717 1218 756 cui
1249 731 1295 755 ea
1320 717 1504 756 alleverat
1532 717 1595 754 Pi-

133 781 288 831 thoeus.]
330 781 533 833 Nusquam
564 781 835 821 discernuntur
863 781 900 818 in
928 781 1005 827 illa,
1036 793 1152 831 quam
1182 781 1348 831 appello,
1381 780 1599 831 appendice

134 843 416 883 Francfurtana
447 844 635 882 lectiones
670 844 822 882 illorum
853 843 971 881 duum
999 842 1178 881 codicum
1210 842 1350 887 Italici,
1383 850 1423 880 et
1446 841 1600 880 Veneti.

135 907 249 957 Saepe
269 906 417 944 eaedem
434 905 622 945 lectiones
640 906 699 944 bis
719 906 877 944 diversis
896 906 933 943 in
952 905 1046 944 locis
1066 912 1274 956 ponuntur.
1323 905 1414 956 Ipsa
1434 911 1600 943 testatur

137 969 188 1007 ad
212 982 253 1020 p.
273 972 340 1007 31.
374 971 435 1007 16.
456 975 606 1018 partem
635 968 843 1006 lectionum
869 981 889 1005 e
909 968 1063 1006 Veneto
1084 980 1168 1005 esse
1190 967 1418 1004 desumtam.
1475 967 1601 1004 Inter-

139 1031 233 1069 dum
250 1037 380 1068 tamen
405 1043 429 1067 a
454 1030 655 1068 Pithoeano
676 1031 868 1082 discrepat
897 1037 939 1068 ut
967 1044 1004 1082 p.
1023 1033 1088 1068 36.
1114 1033 1174 1068 13.
1233 1029 1363 1066 Multa
1382 1028 1420 1065 in
1449 1028 1514 1066 illa
1534 1042 1601 1080 ap-

139 1091 302 1144 pendice
322 1098 567 1142 praepostere,
600 1091 720 1130 multa
750 1092 821 1137 bis,
841 1092 961 1129 multa
990 1092 1060 1129 sub
1085 1091 1234 1141 paginis
1266 1091 1459 1128 ementitis
1478 1092 1604 1142 posita

139 1159 358 1192 occurrunt.
379 1152 532 1189 videtur
558 1153 650 1189 mihi
670 1153 753 1190 haec
781 1152 960 1191 collectio
989 1165 1012 1190 a
1043 1152 1251 1203 Sylburgio
1271 1151 1376 1189 facta
1402 1165 1501 1198 esse,
1523 1166 1601 1191 non

139 1227 192 1253 ex
213 1226 290 1252 uno
309 1213 463 1263 codice,
483 1212 552 1251 sed
571 1226 593 1251 e
609 1212 781 1259 diversis,
803 1214 956 1259 Aldine,
976 1213 1245 1259 Lambiniano,
1268 1213 1515 1263 Augustano,
1538 1214 1601 1250 Pi-

140 1275 296 1313 thoeano
315 1282 355 1313 et
374 1274 506 1312 nescio
526 1287 574 1312 an
595 1287 646 1312 ex
671 1275 766 1314 aliis.
824 1276 891 1313 Ad
912 1275 1104 1313 orationes
1129 1275 1167 1312 in
1188 1275 1314 1312 causis
1333 1275 1490 1326 privatis
1509 1275 1602 1312 nihil

138 1336 195 1377 ibi
214 1344 272 1376 est
290 1342 523 1376 annotatum.
538 1350 661 1389 penes
676 1351 736 1377 me
753 1350 828 1377 non
842 1338 971 1390 magni
991 1337 1175 1376 momenti
1191 1344 1252 1376 est
1266 1337 1349 1376 haec
1365 1337 1600 1390 appendix*

740 1503 911 1546 SECT.
944 1504 1010 1545 X.

661 1610 722 1647 De
750 1611 903 1648 editione
935 1610 1095 1659 Taylori.

196 1712 330 1750 HANG
352 1712 663 1751 Francfurtanam
687 1712 884 1749 renovavit
905 1712 1051 1764 Taylor
1071 1712 1108 1749 in
1121 1723 1202 1758 sua,
1226 1713 1275 1751 de
1296 1726 1372 1764 qua
1391 1726 1493 1752 nunc
1513 1713 1606 1751 mihi

143 1774 353 1813 dicendum
373 1782 454 1819 est;
485 1789 571 1826 quae
591 1775 621 1812 si
641 1781 764 1812 totum
786 1774 988 1811 exhiberet
1010 1775 1332 1821 Demosthenem,
1351 1775 1432 1813 siue
1453 1783 1609 1814 contro-

143 1830 270 1875 uersia
288 1836 544 1887 principatum
564 1843 717 1874 teneret
736 1835 907 1874 omnium
928 1836 1153 1882 editionum,
1182 1844 1221 1874 et
1242 1837 1459 1875 chartarum
1481 1838 1610 1889 splen-

146 1899 256 1944 dore,
277 1906 318 1936 et
339 1897 479 1936 criticis
505 1898 712 1949 praecipue,
734 1898 872 1947 quibus
901 1897 1092 1936 instructa
1118 1906 1189 1944 est,
1218 1899 1338 1950 copiis
1359 1900 1610 1950 amplissimis.

150 1960 230 1998 Sed
256 1959 334 1997 duo
362 1966 513 1996 tantum
543 1964 624 2008 ejus
655 1959 829 2010 prodiere
852 1960 1058 2006 volumina,
1086 1960 1251 1998 alterum
1280 1962 1397 2000 Anno
1419 1964 1534 2003 1748.
1555 1963 1610 1999 in-

147 2028 277 2066 eunte,
301 2020 573 2070 Cantabrigiae,
590 2021 792 2058 continens
812 2021 1006 2059 orationes
1019 2035 1041 2058 a
1061 2022 1204 2059 Wolfio
1222 2023 1262 2059 in
1277 2024 1438 2061 classem
1458 2025 1611 2062 tertiam

147 2082 301 2120 relatas.
359 2082 459 2119 Tum
486 2083 625 2132 prodiit
645 2083 691 2121 A.
715 2085 831 2123 1757.
847 2083 1028 2120 volumen
1049 2091 1186 2122 tenens
1206 2085 1442 2123 adversarias
1463 2087 1610 2125 Demo-

148 2144 294 2182 sthenis
325 2150 366 2181 et
387 2143 597 2181 AEschinis.
654 2144 720 2180 Nil
748 2151 939 2194 praeterea
965 2145 1088 2194 operis
1112 2145 1224 2193 hujus
1246 2147 1540 2196 splendidissimi
1561 2150 1611 2187 ad

148 2206 224 2243 hoc
244 2204 320 2243 diei
339 2204 491 2255 prodiit.
548 2205 639 2242 Fert
659 2212 790 2243 tamen
809 2205 914 2244 sama
941 2206 1024 2243 fore
1044 2213 1086 2244 ut
1110 2208 1335 2258 propediem
1363 2210 1497 2260 reliqui
1518 2225 1612 2261 quo-

149 2282 226 2319 que
245 2268 339 2306 tomi
359 2281 380 2305 e
401 2267 555 2305 schedis
577 2268 744 2318 Taylori,
764 2268 868 2305 haud
895 2268 949 2306 ita
968 2270 1118 2319 pridem
1138 2270 1219 2308 fato
1240 2284 1310 2308 suo
1329 2271 1505 2310 defuncti
1526 2287 1615 2324 pro-

150 2332 310 2375 deant.†
336 2329 529 2368 Praeclare
551 2330 665 2376 enim,
686 2337 725 2368 et
744 2330 864 2382 magis
886 2330 1015 2379 etiam,
1037 2344 1153 2383 quam
1181 2339 1222 2369 ut
1244 2346 1266 2370 a
1295 2346 1357 2371 me
1377 2347 1448 2385 pro
1468 2335 1613 2373 meritis

192 2454 213 2473 ³¹¹
236 2454 344 2484 Codex
361 2452 492 2483 Italicus
508 2453 539 2483 in
556 2453 683 2492 gratiam
699 2452 807 2484 Wollii
823 2452 952 2483 collatus
969 2456 1026 2482 est.
1051 2453 1168 2491 Taylor
1185 2452 1221 2481 ad
1239 2463 1269 2492 p.
1284 2454 1356 2483 202.
1373 2453 1424 2483 30.

194 2504 445 2534 Francfurtenses
462 2508 665 2543 praeterquam
683 2505 765 2543 quod
782 2504 819 2533 de
838 2505 928 2533 Dem.
952 2503 995 2532 nil
1011 2503 1112 2533 meriti
1129 2508 1242 2538 essent,
1260 2503 1351 2533 etiam
1367 2503 1530 2544 aliquando
1548 2508 1615 2545 ejus

150 2555 351 2594 interpretem
368 2554 455 2593 quasi
471 2554 577 2584 dedita
587 2565 680 2595 opera
695 2554 875 2585 mutilarunt
896 2553 985 2583 nobis
1003 2559 1034 2583 et
1050 2554 1261 2584 conciderunt.
1306 2555 1421 2594 Taylor
1437 2557 1476 2586 ad
1493 2568 1522 2596 p.
1541 2560 1614 2588 990.

154 2607 206 2636 19.

197 2653 303 2685 Editio
321 2655 537 2685 Francfurtana
555 2655 726 2695 saepissime
753 2666 793 2685 ex
816 2655 986 2695 typothetae
1011 2655 1140 2691 incuria,
1163 2666 1221 2685 non
1237 2656 1417 2687 auctoritate
1433 2658 1584 2693 codicum,
1602 2671 1618 2689 a

156 2716 230 2735 vera
243 2706 376 2736 lectione
390 2706 520 2743 recedit,
534 2711 566 2736 ut
581 2707 612 2736 id
627 2718 707 2747 saepe
724 2712 828 2737 notare
843 2711 874 2736 et
890 2707 1036 2736 lectorem
1053 2707 1217 2737 admonere
1232 2717 1320 2747 paene
1337 2709 1460 2738 taedeat.
1505 2711 1617 2749 Taylor

157 2757 195 2786 ad
209 2767 239 2795 p.
256 2759 330 2787 ⁴210.
347 2758 400 2786 31.

197 2807 282 2845 Quid
297 2808 356 2837 sibi
374 2809 482 2838 volunt
496 2808 556 2838 isla
575 2810 668 2839 verba
683 2808 810 2849 Taylori
823 2810 861 2840 ad
877 2819 907 2848 p.
924 2810 998 2839 359.
1023 2815 1156 2849 antepen.
1183 2809 1285 2840 Sentit
1301 2820 1420 2840 mecum
1445 2810 1569 2842 Italicus
1585 2817 1616 2842 et

158 2857 209 2897 qui
227 2857 363 2890 Italicum
379 2860 568 2898 procuravit.

198 2911 212 2939 †
235 2908 311 2937 Post
326 2908 390 2938 haec
407 2910 533 2948 scripta,
549 2911 648 2941 literis
672 2923 712 2941 ex
737 2912 849 2952 Anglia
873 2912 909 2941 ad
928 2922 975 2941 me
996 2911 1077 2941 datis
1101 2912 1407 2951 Schweighcuserus,
1427 2914 1614 2952 Argentora-

156 2956 264 2994 tensis,
287 2958 324 2988 A.
348 2959 392 2990 M.
415 2961 579 2992 multarum
603 2963 758 2994 literarum
783 2963 916 3004 peritus,
937 2964 1054 2994 amicus
1078 2964 1107 2993 in
1132 2965 1240 3003 paucis
1263 2976 1361 3003 meus,
1383 2967 1545 2998 certiorem
1569 2979 1617 2999 me
