1824 3171
148 228 197 266 lvi
580 230 907 269 HIERONYMI
939 232 1140 271 WOLFII

148 328 335 368 zantinam
355 343 476 369 meam
504 332 696 371 historiam
716 346 764 372 ne
785 334 1006 386 Byzantinae
1025 334 1176 385 quidem
1197 333 1435 372 bibliothecae
1455 336 1585 372 exclu'-

145 399 297 429 serunt:
326 393 395 430 sed
418 396 497 441 jam
524 395 678 432 tandem
698 396 802 432 velut
829 396 877 433 ab
904 395 1016 433 exilio
1046 402 1279 441 revocatam,
1307 395 1517 433 honorifice
1543 404 1583 434 et

146 458 317 488 amanter
332 462 594 503 susceperunt.
651 454 807 492 Sextum
821 459 901 503 Jam
918 456 1108 493 Isocrates
1130 469 1214 493 curn
1233 456 1329 494 meis
1351 464 1581 494 commenta-

147 511 210 549 riis
229 513 299 549 sub
320 514 436 562 praelo
457 521 526 551 est.
584 516 648 552 An
677 522 718 551 tu
739 528 887 560 censes,
909 516 967 552 vel
989 517 1261 566 typographos,
1282 517 1340 553 vel
1356 518 1581 568 bibliopolas

144 572 182 608 in
202 580 260 610 tot
279 574 394 611 millia
413 575 586 612 codicum
599 576 766 613 laborem
789 584 827 613 et
842 577 1043 626 pecuniam
1065 577 1249 621 conferre,
1267 584 1305 614 ut
1321 578 1445 615 oleum
1467 587 1582 629 atque

145 646 299 683 operam
319 635 508 684 perdant?
537 636 631 677 Quis
651 637 904 674 studiosorum
925 644 964 674 et
984 637 1266 686 ingeniosorum
1284 638 1479 675 hominum
1498 647 1581 677 tan-

144 701 221 730 tam
241 695 494 744 frequentiam
514 697 566 733 ita
584 696 743 734 insanire
765 698 905 742 credat,
928 705 969 735 ut
989 711 1054 735 eos
1074 698 1191 735 libros
1212 705 1289 735 tam
1305 699 1415 737 avide
1435 701 1579 750 legant,

143 768 302 805 quorum
328 756 492 794 lectione
513 771 588 794 non
609 765 674 794 aut
699 758 889 806 meliores,
916 766 981 795 aut
1009 758 1212 803 doctiores,
1233 767 1298 796 aut
1317 761 1523 809 paratiores
1543 769 1581 800 et

143 816 191 853 ad
212 823 315 853 recte
336 818 587 861 sentiendum,
610 826 647 856 et
667 819 715 856 ad
735 820 834 856 bene
854 818 1067 863 vivendum,
1089 827 1128 856 et
1148 820 1197 856 ad
1223 828 1356 858 ornate
1377 820 1582 860 dicendum

143 877 337 914 evadant?
367 878 503 928 Neque
519 892 609 916 vero
629 893 694 917 eas
711 880 799 916 mihi
816 880 996 917 utilitates
1017 888 1194 930 acceptas
1215 881 1348 918 referri
1368 883 1466 919 volo.
1503 883 1581 921 Ab-

141 938 189 974 sit
215 938 471 976 Thrasonicus
502 940 569 977 iste
601 941 668 986 sal,
690 948 732 978 ut
764 954 904 991 magno
933 942 1056 978 alieno
1083 942 1215 979 labore
1244 951 1392 993 partam
1422 944 1580 994 gloriam

141 999 264 1037 verbis
294 999 330 1036 in
360 1013 419 1037 1ne
449 1008 739 1039 transmoveam.
795 1002 893 1052 Ipsis
921 1002 1112 1040 autoribus
1145 1016 1192 1040 ea
1220 1004 1302 1041 laus
1323 1005 1497 1050 debetur,
1518 1006 1582 1055 qui

144 1059 212 1095 sibi
233 1072 416 1096 summam
438 1061 652 1111 eloquentis
680 1062 875 1111 sapientiae
905 1069 943 1099 et
969 1063 1147 1112 sapientis
1167 1063 1399 1114 eloquentiae
1428 1066 1582 1103 laudem

142 1133 209 1170 per
228 1127 284 1157 tot
304 1123 383 1168 ,iam
404 1122 536 1159 secula
554 1122 817 1160 vendicarunt.
874 1123 975 1160 Illud
991 1131 1118 1161 tamen
1137 1124 1303 1174 ingenue
1325 1125 1473 1175 plurimi
1490 1140 1581 1164 con-

141 1180 304 1226 fitentur,
334 1194 374 1218 se
405 1181 547 1220 Graeca
578 1183 659 1220 sine
687 1183 1002 1233 interpretatione
1031 1197 1116 1222 mea
1145 1185 1308 1223 lecturos
1341 1186 1457 1223 fuisse
1485 1200 1582 1224 nun—

142 1255 265 1292 quam.
323 1242 386 1278 Ab
408 1241 449 1279 iis
481 1243 593 1292 igitur
621 1244 660 1280 id
681 1252 911 1282 consecutus
928 1253 1024 1290 sum,
1054 1245 1155 1296 quod
1182 1246 1304 1283 volui:
1336 1259 1425 1284 rana
1444 1248 1579 1285 bovem

142 1302 445 1348 intumescendo,
467 1317 581 1341 anser
601 1304 744 1342 olorem
764 1306 1036 1356 obstrependo,
1058 1319 1207 1356 aequare
1226 1320 1418 1358 nunquam
1440 1308 1580 1353 studui,

141 1376 319 1414 superare
335 1365 454 1402 multo
476 1365 608 1402 minus.
665 1365 754 1403 Non
771 1367 948 1416 equidem
968 1367 1033 1404 tali
1054 1380 1113 1404 me
1135 1368 1272 1417 dignor
1290 1369 1448 1406 honore.
1492 1369 1581 1406 For-

142 1433 240 1462 tasse
260 1425 471 1463 Leontinos
492 1426 674 1476 quosdam
695 1434 734 1463 et
755 1427 917 1465 Vulcani
946 1429 994 1465 de
1015 1428 1130 1478 stirpe
1159 1435 1273 1473 satOS‚
1296 1436 1334 1467 et
1357 1429 1450 1466 alios
1469 1430 1582 1467 semi-

142 1486 234 1523 deos
254 1493 366 1537 atque
386 1487 535 1532 heroas,
554 1495 664 1525 natos
685 1489 833 1526 scilicet
862 1490 1077 1527 melioribus
1106 1490 1225 1534 annis,
1247 1489 1306 1527 isti
1335 1498 1491 1528 manent
1520 1492 1583 1528 tri-

142 1547 285 1597 umphi.
341 1548 425 1585 Etsi
446 1549 621 1598 profecto
637 1563 776 1600 pugnae
796 1551 978 1588 hactenus
994 1552 1041 1588 ab
1062 1551 1133 1588 illis
1154 1551 1397 1601 depugnatae,
1417 1551 1492 1590 hoc
1512 1560 1581 1598 est,

141 1608 387 1646 oratiunculae
408 1609 581 1659 quaedam
601 1611 648 1647 ab
670 1610 747 1648 istis
769 1611 964 1649 Ciceronis
981 1611 1170 1662 germanis
1189 1624 1321 1656 versae,
1338 1625 1386 1650 ne
1404 1614 1582 1653 ovatione

139 1669 291 1719 quidem
318 1670 406 1706 mihi
427 1671 554 1720 dignae
574 1671 759 1709 videntur.
816 1673 920 1715 Quid
940 1674 1040 1711 enim
1069 1673 1105 1709 in
1125 1672 1204 1710 istis
1222 1680 1287 1710 aut
1311 1673 1498 1712 Cicerone
1518 1683 1583 1712 aut

140 1731 406 1769 Demosthene
420 1732 575 1782 dignum
597 1741 765 1784 apparet,
786 1741 927 1785 praeter
947 1735 1045 1772 male
1066 1741 1226 1772 consuta
1246 1735 1420 1785 quaedam
1439 1737 1581 1774 emble-

139 1798 251 1835 mata,
272 1805 316 1829 ac
335 1800 517 1830 centones
544 1795 698 1844 potius?
727 1796 888 1837 Quoties
914 1808 936 1832 a
956 1795 1151 1833 sententiis
1177 1796 1337 1833 oratoris
1366 1803 1448 1833 toto
1469 1797 1578 1842 coelo,

140 1855 242 1903 quod
263 1855 382 1899 aiunt,
410 1856 613 1893 aberrant?
643 1856 719 1898 Qui
737 1856 888 1907 quidem
910 1857 1081 1894 inanibus
1102 1857 1178 1894 istis
1197 1856 1473 1904 jactationibus
1494 1871 1580 1895 cum

139 1915 267 1965 primis
288 1915 469 1961 efficiunt,
489 1924 531 1953 ut
559 1917 631 1954 mei
661 1918 800 1956 laboris
827 1931 889 1956 me
915 1920 993 1968 jam
1023 1918 1143 1954 minus
1163 1918 1365 1968 minusque
1385 1919 1581 1969 poeniteat.

142 1976 228 2013 Nec
246 1976 346 2013 enim
366 1976 425 2013 isti
441 1991 500 2015 me
515 1978 564 2015 de
580 1978 701 2028 gradu
717 1979 963 2026 dejecerunt:
984 1978 1053 2016 sed
1070 1979 1159 2015 dum
1180 1978 1303 2023 altius,
1317 1992 1429 2028 quam
1448 1993 1580 2018 eorum

140 2045 276 2074 natura
296 2044 335 2073 et
354 2037 488 2086 genius
507 2039 594 2083 fert,
611 2053 814 2090 assurgere
835 2040 960 2078 conati
979 2047 1078 2083 sunt,
1100 2039 1199 2077 ultro
1228 2041 1407 2089 prostrati
1428 2055 1580 2079 corrue-

139 2106 241 2146 runt,
269 2111 385 2135 onere
411 2106 605 2149 suscept0‚
634 2102 735 2150 quod
763 2102 895 2138 infirmi
924 2114 1055 2138 eorum
1083 2100 1229 2137 humeri
1258 2101 1444 2139 sustinere
1472 2103 1578 2141 nullo

139 2159 254 2196 modo
274 2166 491 2209 potuerunt.
549 2160 627 2198 Sed
655 2161 685 2197 si
713 2162 796 2211 quis
824 2161 1029 2205 Hercules,
1048 2167 1114 2197 aut
1136 2160 1245 2197 Atlas
1273 2161 1414 2210 potius,
1435 2163 1580 2202 Demo-

139 2219 313 2257 sthenem
343 2221 506 2258 Romam
534 2221 719 2271 perlatum
748 2221 902 2258 tandem
923 2221 1127 2271 aliquando
1147 2221 1185 2257 in
1213 2221 1343 2259 rostris
1372 2223 1579 2269 collocarit,

140 2287 374 2330 quantopere
396 2294 471 2317 non
493 2282 604 2318 modo
625 2282 846 2326 Quiritibus,
867 2283 935 2319 sed
952 2289 990 2319 et
1011 2281 1182 2319 Feretrio
1203 2281 1261 2318 isti
1281 2282 1369 2319 Jovi
1387 2283 1464 2332 ipse
1486 2284 1582 2322 inter

139 2342 280 2392 primos
301 2342 622 2392 congratulabor?
654 2342 812 2379 Interim
834 2355 906 2392 ego
921 2355 1046 2380 meum
1065 2355 1199 2380 saxum
1220 2355 1342 2389 verso,
1359 2344 1463 2394 quod

434 2422 461 2450 O
479 2421 589 2450 utinam
606 2422 725 2450 tandem
737 2422 798 2459 jam
816 2431 930 2450 summo
947 2421 1062 2450 vertice
1080 2421 1190 2450 montis

435 2471 599 2506 Consistat,
615 2472 789 2510 lassumque
805 2472 883 2501 sinat
899 2472 1033 2510 requiete
1051 2472 1152 2511 potiri.

142 2539 216 2577 Sed
238 2539 459 2576 aemulorum
480 2538 655 2588 iniquitas
675 2539 814 2583 effecit,
844 2546 884 2576 ut
913 2546 951 2576 et
981 2540 1130 2590 longius
1159 2541 1206 2578 ab
1226 2542 1393 2580 instituto
1419 2544 1572 2580 aben-a-

141 2614 232 2644 rem,
251 2607 288 2636 et
302 2607 434 2637 contra
451 2600 645 2649 ingenium
666 2607 703 2637 et
724 2600 1036 2638 consuetudinem
1057 2614 1177 2638 meam
1199 2603 1339 2652 aliquid
1358 2603 1574 2641 iracundius

142 2669 178 2698 et
200 2661 438 2710 arrogantius
459 2661 506 2697 de
527 2673 586 2697 me
603 2660 681 2711 ipse
703 2661 881 2698 dicerem.
912 2661 977 2697 Ad
993 2669 1029 2698 te
1047 2661 1161 2711 igitur
1177 2676 1279 2701 nunc
1299 2663 1429 2708 redeo,
1447 2665 1576 2708 frater,

139 2729 177 2759 et
197 2735 217 2758 a
240 2729 276 2758 te
306 2728 408 2771 peto,
431 2728 472 2757 ut
492 2721 657 2758 libellum
678 2721 789 2765 hunc,
812 2735 887 2759 non
916 2722 1030 2758 modo
1052 2723 1341 2760 necessitudinis
1363 2731 1514 2768 nostrae,
1539 2733 1579 2761 et

137 2783 184 2820 ab
206 2782 286 2831 ipsa
311 2789 443 2818 natura
469 2781 660 2826 institutae,
690 2789 730 2818 et
758 2783 891 2820 iisdem
919 2783 1053 2820 studiis
1084 2783 1331 2829 confirmatae,
1361 2785 1498 2834 pignus
1529 2798 1574 2822 ac

137 2851 421 2881 monumentum
448 2855 531 2880 esse
552 2843 655 2887 velis,
678 2844 743 2880 sed
774 2857 971 2882 censorem
1002 2844 1114 2882 etiam
1145 2858 1249 2895 agas,
1271 2853 1451 2895 tuumque
1474 2847 1576 2894 judi-

137 2906 237 2943 cium
267 2904 498 2954 interponas
556 2904 792 2941 Existimatio
813 2905 913 2942 enim
943 2912 1007 2943 tua
1027 2919 1131 2955 aeque
1154 2919 1200 2943 ac
1229 2919 1314 2943 mea
1343 2906 1401 2943 hie
1435 2907 1574 2957 agitur.

138 2966 234 3004 Nam
265 2978 352 3002 cum
378 2965 442 3002 tibi
472 2965 687 3015 conjugium
717 2966 851 3003 filiolas
882 2973 1025 3004 tantum
1058 2967 1270 3005 incolumes
1298 2968 1457 3013 donarit,
1487 2969 1574 3005 mihi
