1824 3171
533 161 614 199 AD
645 159 805 199 SUUM
833 158 1296 198 DEMOSTHENEM.
1537 159 1629 198 xxiii

193 270 416 308 contentam
443 264 696 304 ostenderem.
724 270 764 302 et
795 262 994 314 egregium
1023 262 1127 301 hunc
1157 269 1348 301 oratorem
1380 261 1525 300 etiarnsi
1559 275 1636 301 non

191 328 357 372 aliunde,
383 340 494 377 quam
524 339 571 364 ex
599 333 681 363 arte
709 325 951 376 eloquentiae,
973 324 1133 375 gloriam
1162 324 1197 362 ei
1222 323 1485 368 attribuamus,
1513 337 1559 361 ex
1590 338 1638 362 ea

191 391 289 429 adeo
308 388 451 426 clarum
471 400 515 425 ac
535 387 726 425 celebrem
748 387 851 437 apud
872 399 1002 423 omnes
1020 399 1118 431 esse,
1134 393 1175 423 ut
1193 386 1305 423 aliam
1318 384 1484 429 laudem,
1505 399 1636 434 quam-

190 451 246 489 vis
266 450 427 500 adeptus
448 448 510 494 sit,
534 461 610 486 non
637 448 796 485 multum
816 455 947 485 tamen
967 446 1208 484 desiderarit.
1264 446 1363 484 Cum
1383 445 1511 495 igitur,
1540 459 1636 495 prae-

192 513 251 549 sul
272 512 428 563 optime,
447 510 510 548 hic
535 510 603 548 tibi
624 523 701 547 non
720 509 909 546 immerito
935 508 1030 546 adeo
1050 508 1217 558 placeat,
1237 514 1278 544 ut
1292 507 1329 543 in
1349 506 1506 544 aliorum
1524 506 1637 543 etiam

191 574 408 624 graviorum
435 572 648 610 studiorum
677 570 992 621 occupationibus
1021 569 1226 607 lectionem
1257 571 1335 616 ejus
1357 567 1426 604 tibi
1447 581 1638 617 nunquam

191 633 517 673 intermittendam
545 632 750 677 censueris,
780 638 1031 682 posteaquam
1057 643 1225 667 excusus
1249 632 1329 677 jam
1359 635 1430 673 est,
1459 641 1546 665 eum
1571 628 1639 665 tibi

190 695 398 734 dicandum
419 694 521 740 duxi,
541 701 582 731 ut
596 695 667 731 sub
688 696 767 742 ejus
787 692 938 731 nomine
958 692 994 729 in
1015 704 1147 729 manus
1167 690 1361 728 hominum
1376 689 1557 741 prodiret,
1577 690 1640 739 qui

191 757 292 794 illius
319 763 419 794 esset
438 755 745 793 studiosissimus.
803 754 902 791 Tum
929 753 1055 798 etiam,
1086 760 1139 798 ut,
1169 766 1256 790 cum
1276 764 1348 802 ego
1381 752 1419 788 in
1449 764 1494 788 eo
1521 752 1641 789 excu4

191 817 322 855 dendo
342 830 497 868 operam
516 816 737 854 nonnullam
761 815 1027 866 impenderim,
1053 814 1184 852 labore
1204 814 1278 851 hoc
1299 813 1552 863 qualicunque
1572 812 1641 850 tibi

192 878 334 924 oblato,
356 877 609 916 observantiae
628 877 668 914 in
687 882 725 914 te
742 890 851 923 meae,
870 889 946 927 qua
959 875 1087 914 multis
1109 876 1156 913 de
1178 875 1303 914 causis
1315 878 1395 924 Jam
1416 875 1479 912 diu
1495 882 1534 912 te
1554 887 1642 926 pro-

191 952 346 990 sequor,
369 938 628 989 significandae
649 937 800 976 occasio
816 937 906 974 mihi
925 937 963 974 in
978 937 1184 988 praesentia
1199 937 1367 975 daretur.
1425 936 1524 973 Nam
1545 950 1645 987 prae-

192 1007 382 1051 terquam,
396 999 501 1050 quod
516 1007 640 1037 vestra
656 999 730 1036 ista
747 999 889 1036 Familia
907 1006 989 1036 turn
1002 1010 1151 1036 morum
1170 997 1387 1048 integritate
1403 1009 1448 1034 ac
1460 996 1643 1034 virtutum

192 1061 410 1112 splendore,
432 1067 512 1097 tum
541 1060 827 1110 imperatorum,
855 1072 1016 1110 quorum
1039 1059 1152 1110 copia
1179 1058 1343 1096 maxime
1362 1058 1502 1103 floruit,
1522 1058 1645 1108 gloria

190 1129 233 1160 et
257 1134 383 1159 rerum
409 1127 601 1171 gestarum
632 1119 894 1171 amplitudine,
924 1128 1007 1158 tum
1031 1120 1240 1164 Leonardi,
1271 1119 1329 1156 avi
1357 1119 1426 1163 tui,
1458 1119 1645 1169 Principis

190 1181 340 1232 optimi,
373 1181 607 1232 praestantIa,
642 1193 689 1219 ac
718 1180 905 1231 dignitate
937 1181 1123 1219 illustrata
1148 1180 1244 1217 adeo
1275 1180 1377 1217 clara
1406 1192 1451 1217 ac
1482 1180 1644 1217 celebris

190 1255 344 1293 semper
364 1242 450 1288 fuit,
470 1249 513 1279 ut
529 1241 734 1280 conciliare
752 1241 825 1279 sibi
841 1241 986 1280 animos
1006 1242 1174 1280 omnium
1193 1241 1308 1279 facile
1327 1240 1507 1291 potuerit,
1528 1248 1645 1292 atque

189 1305 239 1342 ob
260 1304 300 1342 id
318 1305 400 1355 ipse
416 1304 532 1342 etiam
549 1303 741 1341 communi
756 1303 911 1341 nomine
926 1316 1119 1355 propenso
1140 1315 1233 1353 erga
1249 1315 1334 1340 eam
1354 1301 1481 1340 animo
1493 1315 1645 1353 semper

189 1365 340 1412 fuerim,
361 1365 510 1416 privata
538 1371 666 1403 tamen
691 1377 806 1403 causa
825 1372 939 1416 atque
957 1365 1022 1403 illa
1048 1364 1204 1416 quidem
1230 1370 1306 1402 tam
1332 1363 1457 1414 gravis
1477 1365 1645 1402 benevo-

190 1426 320 1465 lentiae
339 1427 430 1464 mihi
455 1426 633 1472 accessit,
652 1434 694 1464 ut
711 1440 908 1478 nunquam
929 1440 1014 1465 eam
1042 1440 1092 1465 ex
1113 1426 1238 1464 animo
1261 1439 1347 1464 meo
1364 1426 1493 1477 quoad
1511 1426 1646 1464 vixero

191 1487 271 1526 ulla
287 1488 462 1526 deletura
490 1488 630 1526 oblivio
657 1487 717 1533 sit,
739 1488 947 1534 Antonius,
978 1488 1152 1526 omnibus
1173 1487 1341 1539 quidem,
1369 1487 1434 1539 qui
1452 1487 1555 1525 illum
1577 1501 1646 1525 no-

191 1557 342 1596 verunt,
362 1563 439 1587 non
459 1549 541 1588 sine
560 1549 785 1601 praefatione
813 1550 1067 1588 nominandus
1085 1550 1205 1588 frater
1233 1557 1334 1587 tuus.
1354 1549 1417 1601 qui
1439 1563 1525 1586 cum
1555 1550 1648 1587 ado-

191 1611 389 1649 lescentiae
408 1624 528 1649 annos
550 1612 722 1649 nondum
752 1611 994 1657 excessisset,
1017 1619 1056 1649 et
1076 1612 1195 1649 abbas
1216 1611 1358 1648 electus
1382 1617 1488 1648 tanta
1506 1610 1648 1661 ingenii

191 1672 432 1724 perspicacia
450 1680 552 1711 esset
569 1673 763 1724 praeditus,
785 1680 892 1710 tanto
914 1673 1172 1718 scientiarum,
1190 1678 1228 1710 et
1242 1672 1436 1710 literarum
1451 1674 1647 1723 praecipue

191 1748 388 1773 sacrarum
409 1748 538 1773 amore
554 1735 823 1780 inflammatus,
845 1742 950 1773 tanta
969 1735 1008 1772 in
1029 1735 1194 1786 negotiis
1215 1734 1421 1772 tractandis
1442 1734 1647 1785 prudentia

191 1797 410 1842 instructus,
441 1804 484 1834 ut
514 1809 564 1835 ex
593 1797 667 1834 ista
692 1796 837 1834 familia
861 1797 1060 1848 prodiisse,
1089 1796 1196 1847 quasi
1221 1796 1457 1847 praecipuum
1487 1809 1647 1847 germen

191 1865 480 1909 agnosceretur,
503 1866 542 1897 et
562 1858 765 1897 sacerdotii
788 1858 893 1896 istius
913 1859 1051 1910 praesul
1072 1859 1311 1909 dignissimus
1325 1861 1404 1907 jam
1425 1858 1647 1904 haberetur,

191 1933 267 1966 me,
293 1933 316 1958 a
341 1933 416 1971 quo
442 1934 684 1972 summopere
712 1921 1001 1970 observabatur,
1020 1921 1188 1958 maxima
1207 1921 1512 1972 prosequebatur
1531 1921 1649 1958 bene-

192 1982 372 2028 volentia,
390 1990 506 2034 atque
526 1982 622 2021 inter
642 1996 707 2020 eos
728 1983 941 2033 delegerat,
959 1983 1185 2034 quibuscum
1201 1995 1465 2034 saepenumero
1480 1995 1651 2020 versare-

193 2051 268 2088 tur,
299 2057 345 2081 ac
373 2044 423 2081 de
448 2044 644 2081 literarum
674 2044 807 2082 studiis
836 2045 1131 2095 colloqueretur.
1162 2052 1204 2081 ut
1232 2052 1445 2094 temperare
1474 2057 1496 2081 a
1516 2044 1647 2082 dolore

194 2105 384 2143 interdum
410 2104 473 2142 vix
501 2102 655 2155 possim,
686 2118 773 2142 cum
801 2106 984 2143 memoria
1008 2114 1157 2156 repeto,
1192 2119 1304 2156 quam
1332 2112 1493 2155 repente
1522 2113 1647 2143 morte

193 2173 411 2217 praeventus
431 2180 480 2204 ex
499 2166 695 2204 hominum
715 2167 993 2205 consuetudine
1016 2167 1185 2205 maxima
1204 2167 1374 2205 omnium
1395 2180 1481 2204 cum
1495 2168 1651 2217 jactura

194 2236 413 2266 etmoerore
434 2228 604 2265 sublatus
618 2228 745 2265 fuerit.
758 2228 797 2265 in
813 2235 958 2266 tantam
979 2229 1077 2265 enim
1099 2242 1207 2279 spem
1224 2241 1355 2266 omnes
1375 2228 1593 2275 induxerat,
1606 2236 1650 2267 ut

193 2303 308 2328 nemo
338 2296 452 2333 esset,
473 2289 537 2340 qui
566 2289 771 2336 dubitaret,
803 2290 907 2341 quin,
929 2290 993 2328 ubi
1020 2291 1203 2328 maturior
1232 2297 1325 2328 aetas
1352 2290 1590 2337 accessisset,
1611 2299 1651 2329 et

194 2351 416 2390 eruditionis
450 2358 489 2388 et
520 2351 735 2390 sanctitatis
763 2352 900 2390 nostris
930 2353 1168 2403 temporibus
1203 2352 1395 2402 singulare
1429 2353 1650 2404 exemplum

196 2420 299 2452 esset
316 2413 477 2451 futurus.
533 2413 635 2451 Nam
658 2427 707 2451 ex
729 2417 810 2462 ejus
831 2414 939 2452 obitu
957 2414 1051 2452 licet
1070 2415 1158 2452 boni
1176 2416 1509 2465 omnesjacturam
1529 2415 1650 2453 maxi-

196 2487 299 2512 mam
324 2473 462 2512 fecisse
484 2474 668 2512 censendi
688 2475 775 2522 sint,
803 2489 948 2526 speque
969 2476 1082 2521 omni,
1102 2490 1215 2527 quam
1237 2489 1422 2513 summam
1444 2477 1491 2513 de
1512 2490 1559 2514 eo
1582 2477 1650 2514 ha-

195 2536 352 2580 bebant,
380 2535 553 2573 frustrati
578 2536 781 2586 jacuerint,
811 2550 885 2587 ego
913 2551 990 2575 non
1019 2544 1096 2575 tam
1131 2538 1292 2575 moleste
1321 2538 1401 2584 tuli,
1433 2538 1534 2589 quod
1567 2540 1649 2588 ejus

196 2598 436 2636 sanctissima
458 2599 737 2637 consuetudine
758 2606 836 2637 tam
851 2607 1010 2651 repente
1024 2601 1221 2646 caruerim,
1239 2601 1309 2638 etsi
1326 2601 1365 2638 id
1385 2601 1475 2638 mihi
1491 2601 1651 2651 contigit

196 2659 520 2710 molestissimum,
548 2673 662 2711 quam
691 2661 810 2712 quod,
842 2674 930 2699 cum
964 2675 1013 2698 ex
1050 2665 1130 2710 ejus
1164 2661 1420 2700 familiaritate
1454 2662 1649 2713 specimen

196 2721 303 2771 quasi
321 2722 513 2771 quoddam
534 2729 573 2759 et
602 2722 803 2773 probitatis
828 2730 866 2760 et
887 2723 1061 2760 amicitiae
1091 2723 1364 2773 concepissem,
1390 2723 1455 2761 ubi
1483 2724 1563 2774 ipse
1583 2723 1651 2760 de-

199 2782 329 2827 cessit,
350 2782 404 2820 ita
426 2783 590 2820 animum
613 2783 898 2834 desponderim,
919 2791 976 2831 ut,
1001 2784 1102 2835 quia,
1122 2784 1227 2835 quod
1246 2784 1366 2821 simile
1388 2784 1422 2822 ei
1443 2792 1555 2830 esset,
1576 2795 1652 2819 non

199 2843 314 2880 facile
333 2843 608 2894 reperiebatur,
624 2844 854 2895 probitatem
875 2845 1037 2895 amplius
1056 2846 1268 2894 hujusmodi
1286 2846 1400 2882 ullam
1414 2845 1651 2882 inventurum

200 2915 261 2939 me
287 2916 370 2942 esse
397 2904 621 2943 diffiderem.
678 2905 793 2944 Nunc
819 2919 922 2952 vero,
944 2919 1030 2944 cum
1050 2914 1102 2953 tu,
1124 2907 1329 2944 clarissime
1352 2906 1564 2951 Francisce
1587 2905 1649 2955 qui
