1824 3171
263 196 365 243 118
647 197 1318 243 ΔΗΜΟΣΘΕΝΟΥΣ

257 314 311 364 οἳν
337 315 434 384 υμῖν
467 313 630 382 οἷρεσκῃ
664 337 1022 399 χειροτονησατε,
1052 311 1124 365 ἶνα
1158 312 1221 382 μὴ
1250 312 1404 382 1μόνον
1440 321 1531 371 τοῖς
1568 311 1710 379 ψηφί-

190 403 242 437 16
259 411 408 458 σμασι
448 412 527 440 και
567 397 669 446 ταῖς
708 386 974 446 επιστολαῖς
1018 388 1248 457 πολεμῆτε
1296 386 1542 453 Φιλιππῳ,
1577 385 1711 438 α’λλοέ

259 461 337 513 καὶ
364 472 456 521 τοῖς
480 458 635 554 ἔργοις.
677 459 842 512 δοκεῖτε
869 459 912 512 Σὲ
945 484 1018 530 μοι
1052 461 1179 513 ‘arom
1213 461 1393 520 βελτιον
1421 461 1474 511 οἳν
1501 483 1603 549 περι
1635 482 1713 512 του

259 539 458 606 πολεμου
494 559 572 587 και
598 534 702 595 ολης
739 538 816 595 τῆς
849 535 1138 607 παρασκευῆς
1173 533 1539 596 βουλεύσασθαι,
1568 534 1603 584 εἶ
1637 557 1712 585 τον

257 633 411 672 τοπον,
449 610 481 660 ὠ
520 605 606 659 α’νὸ
601 631 664 682 ρες
698 607 944 669 Ἀθηναῖοι,
988 631 1066 668 της
1104 631 1276 698 χωρας,
1315 631 1420 682 προς
1455 632 1502 663 ην
1536 607 1712 659 2’τῦ-ολε-

257 694 405 752 μεῖτε,
442 633 805 770 ἐνθυμηθείητε,
814 704 892 732 και
932 680 1263 747 λογισαισθε
1254 678 1322 731 σ’τι
1359 705 1448 740 τοις
1482 681 1712 752 πνεύμασι

259 780 341 808 και
373 766 475 815 ταῖς
507 753 636 848 ω’ραις
671 778 747 807 του
786 752 908 814 ἐ’τους
942 779 1007 807 τα
1044 753 1213 807 πολλα
1247 754 1601 850 ’,ϊρολοιμζανιονχ
1617 754 1713 807 δια-

261 853 521 916 πραττεται
557 829 813 892 Φίλιππος,
855 826 934 880 noel
971 827 1180 894 φυλαξας
1214 827 1316 886 τοῦς
1356 827 1541 890 ἓτησιας
1573 829 1601 890 ἢ
1639 853 1715 881 τον

259 927 464 974 χειμωνα
499 913 731 979 επιχειρεῒ,
766 902 874 964 ἧνικ’
907 903 961 954 οἳν

434 1019 440 1038 ⁵
462 1021 476 1052 †
489 1018 568 1058 μόνον
582 1017 639 1060 [ἐν]

256 1101 452 1141 χειροτονεῖτε,
470 1100 517 1130 καὶ
535 1103 576 1131 τὰ
596 1098 721 1141 ὑμέτεραι
741 1099 831 1130 αὐτῶν
847 1098 969 1140 ἔγχει-

254 1143 387 1182 ξὶζετε.
430 1144 468 1173 In
482 1145 587 1174 eadem
604 1144 691 1173 Orat.
711 1142 737 1181 ξ.
754 1142 800 1180 ιγ’.
822 1141 876 1172 δέον
892 1143 970 1181 ὑμᾶς

257 1187 377 1216 ἀκοῦσαι
400 1186 460 1226 περὶ
479 1188 534 1216 τῶν
554 1186 754 1226 πραγμάτων,
770 1185 834 1215 εἶτα
855 1184 970 1218 βουλεύ-

256 1227 378 1264 σασθαι,
401 1231 483 1267 μετὰ
507 1230 604 1259 ταῦτα
628 1228 655 1259 δὲ
681 1229 872 1268 ’ωςίιττειν
895 1227 918 1263 δ’,
939 1239 969 1258 τι

257 1271 344 1310 δόξαι,
369 1273 512 1303 Momm.
557 1272 591 1301 Si
609 1271 794 1310 conjecturis
809 1270 969 1308 indulgere

256 1314 301 1343 sas
315 1319 408 1351 esset,
420 1315 510 1345 alium
527 1314 558 1344 in
573 1315 627 1344 hac
642 1313 771 1352 periodo
788 1313 969 1343 vocabulum

256 1356 467 1394 immutarem3
483 1362 513 1387 et
523 1367 578 1396 pro
593 1356 695 1398 ἀρέσκῃ
711 1357 844 1396 legerem
855 1355 969 1398 ἀρκέσῃ,

256 1410 318 1439 quae
342 1401 415 1431 vobis
436 1398 594 1440 sufficiant.
641 1400 733 1429 Levis
760 1401 823 1430 haee
843 1399 970 1428 mutatio

258 1453 380 1472 sensum
410 1447 534 1483 praestat
562 1442 709 1481 optimum
738 1447 770 1473 et
795 1446 970 1482 argumento

258 1485 389 1515 maxime
403 1495 582 1523 congruum.
604 1486 726 1516 STocn.

299 1527 530 1568 Χειςοτονήσοιτε]
554 1528 631 1557 Cum
643 1528 686 1557 ita
698 1537 856 1566 perperam
867 1526 896 1555 in
907 1526 972 1565 ple-

257 1568 360 1609 risque
385 1570 472 1599 libris
493 1569 653 1607 impressis
670 1571 825 1602 ederetur,
849 1578 970 1597 sensum

258 1612 350 1651 hujus
365 1612 523 1642 commatis
536 1613 726 1650 Interpretes
742 1611 820 1640 haud
839 1611 972 1640 assecuti

259 1659 339 1684 sunt.
364 1655 542 1694 Legendum
555 1655 675 1685 omnino
692 1664 760 1684 cum
772 1653 856 1683 Edit.
873 1653 972 1682 Paris.

257 1698 514 1738 χειροτονήσαντες,
543 1702 574 1727 et
606 1696 848 1726 subaudiendum
879 1695 972 1736 ὁρᾶτε,

258 1741 408 1774 σκοπεῖτε,
419 1743 471 1769 aut
487 1741 611 1769 verbum
625 1740 747 1778 aliquod
764 1738 877 1768 simile.
901 1740 972 1768 Fre-

258 1793 356 1821 quens
378 1782 541 1812 admodum
559 1783 639 1821 apud
658 1782 825 1820 scriptores
844 1783 972 1810 Graecos

258 1830 306 1854 est
333 1825 397 1854 liaec
423 1824 570 1863 Ellipsist
594 1823 683 1864 (vide
698 1825 734 1854 L.
760 1825 834 1853 Bos.
860 1823 971 1862 Ellips.

259 1869 359 1898 Graec.
375 1867 477 1897 verbis
491 1866 606 1899 Βλέπειν
618 1872 648 1896 et
660 1866 792 1907 σκοπεῖν)
802 1876 972 1905 quanquam

258 1911 346 1948 plura
356 1911 422 1948 ejus
435 1915 594 1940 occurrant
606 1910 748 1949 exempla
761 1915 828 1939 unte
839 1908 872 1938 τὸ
887 1908 972 1943 ὅπως,

259 1963 348 1993 quum
369 1953 422 1982 ἵνα.
467 1953 569 1982 Unum
595 1957 706 1987 tamen,
725 1953 806 1991 quod
827 1951 901 1981 satis
921 1951 972 1986 sit,

260 1995 388 2033 protulit
404 1996 530 2026 doctiss.
553 1995 754 2033 Hoogewen,
770 1995 799 2024 iu
814 1994 972 2033 praestanti

261 2038 326 2074 illa,
342 2049 400 2076 qua
416 2048 514 2077 nuper
530 2038 704 2068 Graeoitatis
723 2037 834 2068 ditavit
856 2037 972 2067 studio—

262 2091 323 2115 sos,
341 2081 487 2110 Doctrina
500 2081 719 2119 particularum
735 2081 843 2120 linguae
854 2079 974 2116 Graecae,

261 2134 289 2152 c.
307 2126 358 2154 23.
382 2125 407 2163 §.
428 2125 457 2154 Q.
483 2123 537 2153 Καὶ
554 2124 595 2154 νῦν
615 2122 657 2153 ἵνα
682 2123 772 2161 ἄγητε
791 2125 846 2157 τὰς
869 2122 975 2163 ἡμέρας

261 2167 312 2200 τῆς
327 2165 523 2204 σκηνοπηγίας,
542 2166 683 2205 inquiunt
697 2166 812 2200 sudrei,
828 2166 975 2195 fratribus

264 2209 326 2238 suis
341 2210 523 2245 scribentes,
545 2210 587 2238 ΙΙ.
614 2210 772 2239 Macehub.
789 2208 896 2239 initio:
922 2209 975 2238 ubi

263 2252 385 2281 reticeri
405 2252 508 2290 potius
528 2252 671 2281 duxerim
689 2251 722 2281 τὸ
740 2252 835 2293 ὁρέἱτε,
852 2252 898 2292 (et
913 2262 976 2281 me-

264 2304 333 2323 cum
363 2294 496 2324 sentiunt
526 2296 718 2332 lnterpretes
746 2294 855 2334 Angli)
886 2305 974 2333 quain

266 2338 347 2374 quod
369 2337 494 2375 supplet
516 2338 562 2367 vir
581 2337 731 2371 eruditus,
751 2338 849 2366 ταῦτα
871 2337 976 2376 γράφο-

266 2389 334 2416 parv:
359 2385 385 2409 et
401 2389 483 2408 nunc
499 2384 613 2415 curate,
628 2380 659 2409 id
674 2379 767 2418 agite,
783 2384 816 2409 ut
832 2380 979 2409 celebretis

259 2420 373 2460 sescum
390 2422 653 2453 tabernaculorum.
677 2423 783 2452 lnam.
819 2423 886 2452 Jam
903 2432 977 2452 vero

268 2463 481 2503 χειροτονήσητε
504 2466 531 2494 si
554 2465 677 2503 legitur,
694 2463 737 2494 ἵνα
754 2467 797 2505 μῆ
819 2476 884 2504 sqq.
900 2475 976 2504 pen-

269 2506 386 2535 debunt
409 2508 447 2536 nb
468 2507 524 2536 hoc
541 2509 653 2538 verbo:
676 2508 843 2542 decernite,
859 2518 896 2537 ne
913 2507 978 2547 epi-

271 2549 358 2577 stolis
374 2549 428 2577 sed
451 2559 484 2579 re
507 2550 669 2589 pugnetis:
699 2551 753 2580 sed
776 2550 842 2588 quis
860 2551 976 2580 nexus?

271 2590 405 2629 Vulgata
425 2601 483 2620 non
507 2592 630 2623 videtur
652 2593 808 2627 mutanda,
829 2594 977 2631 probante

271 2633 363 2663 etiam
387 2633 453 2662 Cel.
479 2634 680 2673 Hermann03
705 2646 835 2665 sensus:
859 2636 884 2665 si
909 2646 976 2666 sen-

269 2675 380 2706 tentius
397 2678 826 2714 comprobatis,decernentes
839 2689 907 2718 qnae
924 2688 977 2708 vo-

270 2718 316 2749 bis
337 2718 521 2756 placuerint.
540 2721 569 2750 d.
593 2721 668 2754 Pac.
683 2720 708 2759 ᾗ.
732 2720 764 2750 δ’.
786 2721 930 2750 dicuntur
954 2722 976 2751 οἳ

268 2760 454 2795 Βοηθήσοντες
468 2761 587 2793 emmanu.
632 2765 709 2793 Ante
727 2762 767 2791 ἵνα
778 2766 821 2802 μῆ
833 2764 902 2803 quis
919 2774 976 2793 non

268 2804 357 2834 facile.
379 2804 568 2843 suppleverit
590 2804 693 2844 ‹ipim-s?
716 2806 779 2835 Ct'r.
803 2807 897 2836 Hom.
916 2807 976 2836 Od.

270 2847 363 2877 V111.
390 2849 464 2877 461.
489 2847 566 2877 Plat.
591 2848 667 2877 Crit.
694 2851 722 2877 9.
750 2849 818 2886 vig.
844 2860 874 2888 p.
903 2851 978 2880 4:35.

269 2889 398 2920 Riimo.

310 2932 414 2972 Τόπον]
441 2933 473 2962 F.
491 2931 606 2972 τρόπον.
631 2934 790 2963 'Rumon-

305 2974 441 3016 Τόπον]
433 2985 453 3005 ι.
480 2985 507 3004 e.
531 2977 640 3012 suurn,-
669 2975 699 3006 iu
723 2976 872 3007 Aristocr.
901 2976 975 3011 681,

899 1020 912 1039 ²
926 1016 1109 1057 πολεμήσετε

1202 901 1215 920 ⁸
1248 901 1268 929 3

999 903 1120 974 ἧμεις
1151 928 1213 973 μη
1285 900 1591 973 δυναιμεθα’
1575 925 1714 955 εκεισε

1369 1015 1380 1034 ³
1398 1015 1547 1056 δυνώμεθα

1004 1101 1056 1129 18.
1072 1098 1166 1139 ὥσπερ
1182 1100 1236 1139 γὰρ
1251 1098 1362 1133 Χαλκὶς
1376 1100 1419 1138 τῷ
1430 1098 1509 1137 τόπῳ
1517 1099 1569 1133 τῆς
1582 1097 1717 1134 Βοιωτίας

1003 1143 1117 1179 nativam
1135 1142 1187 1172 sed
1202 1144 1313 1180 p.119.
1328 1153 1358 1172 v.
1371 1152 1440 1182 pen.
1456 1142 1588 1181 intellig.
1608 1148 1719 1172 tractus

1003 1185 1146 1223 regionis.
1169 1185 1209 1214 cf.
1233 1186 1321 1224 Lept.
1339 1187 1414 1221 475,
1431 1187 1461 1215 2.
1486 1184 1498 1214 ὁ
1527 1185 1588 1225 περὶ
1611 1184 1718 1225 Θρᾴκην

1003 1227 1099 1261 τόπος.
1115 1227 1245 1258 mimo.

1046 1270 1247 1309 Πολεμήσετε]
1273 1269 1374 1306 Quum
1389 1274 1491 1300 orator
1504 1280 1576 1300 snos
1589 1270 1716 1306 excitet,

1003 1317 1037 1342 ut
1060 1313 1198 1352 injuriam
1224 1313 1340 1343 illatam
1366 1314 1561 1349 ulciscantur,
1585 1313 1717 1352 praetuli.

1003 1357 1108 1387 IDEM.

1046 1401 1092 1429 Τὰ
1105 1400 1204 1428 πολλὰ
1220 1404 1301 1438 προλ.
1319 1398 1429 1438 διαπρ]
1455 1397 1602 1436 Praeripit
1622 1399 1717 1429 multa

1004 1442 1026 1471 i.
1045 1453 1073 1471 e.
1098 1442 1162 1470 fere
1183 1441 1292 1471 omnia.
1338 1443 1453 1471 Noster
1473 1452 1504 1480 p.
1521 1440 1596 1476 886,
1617 1444 1668 1472 ⁶28.
1687 1441 1718 1471 τί

1005 1484 1037 1513 ἂν
1052 1485 1092 1514 τΞι
1107 1485 1207 1514 πολλὰ
1221 1482 1298 1521 λέγοι
1319 1495 1365 1518 τις
1379 1496 1386 1521 ;
1410 1485 1505 1514 Hom.
1527 1484 1588 1512 Od.
1604 1484 1648 1513 11.
1663 1485 1717 1514 58.

1004 1527 1076 1566 vig.
1100 1536 1130 1565 p.
1155 1529 1206 1557 22.
1230 1527 1433 1566 διαπράττειν,
1457 1526 1601 1567 perficere
1625 1527 1717 1556 modo

1005 1569 1195 1599 clandestino
1207 1574 1238 1599 et
1255 1569 1366 1600 fallaci.
1413 1570 1537 1608 Olynth.
1561 1569 1608 1598 11.
1617 1570 1659 1610 (1.
1663 1569 1717 1610 )§.

1006 1611 1044 1646 ς’.
1066 1612 1166 1641 Thuo.
1181 1612 1207 1640 1.
1218 1613 1282 1645 31„
1298 1611 1464 1641 ubiSchol.
1476 1611 1629 1650 explicat:
1645 1623 1717 1653 χρη-

1005 1664 1085 1691 μασι
1102 1652 1151 1682 και
1167 1652 1269 1691 λόγοις.
1290 1654 1394 1684 IDEM.

1048 1694 1196 1736 Ἐτησίας]
1220 1696 1336 1725 Ventos
1352 1697 1483 1730 scilicet,
1495 1695 1546 1735 qui
1564 1697 1601 1726 ad
1618 1701 1718 1727 ortum

1006 1738 1161 1768 Caniculae
1172 1739 1302 1777 singulis
1314 1739 1401 1768 annis
1412 1744 1585 1769 constanter
1596 1740 1718 1770 flabant.

1005 1781 1151 1810 Nonnulli
1171 1791 1330 1820 perperam
1353 1781 1586 1817 contenderunt,
1607 1781 1645 1812 iis
1663 1783 1718 1812 ΖΕ-

1007 1827 1134 1861 gyptum
1162 1823 1228 1854 Nili
1259 1824 1307 1853 sui
1334 1823 1556 1854 incrementum
1582 1825 1716 1855 debere:

1007 1870 1114 1904 postea
1129 1876 1203 1896 vero
1219 1872 1409 1905 compertum
1424 1873 1485 1902 est,
1501 1877 1565 1896 eam
1582 1869 1718 1898 exunda-

1006 1908 1119 1938 tionem
1141 1909 1261 1939 efficere
1277 1910 1392 1939 imbres
1409 1911 1598 1939 abundantes
1614 1911 1666 1949 qui
1686 1911 1719 1941 in

1008 1951 1158 1990 superiori
1179 1952 1335 1992 AEtliiopia
1356 1952 1412 1982 illo
1436 1958 1572 1991 tempore
1592 1953 1720 1983 descen-

1008 1994 1094 2024 dunt.
1139 1995 1208 2024 Vox
1233 1995 1346 2024 Etesiae
1371 1996 1408 2025 ad
1430 1996 1557 2026 Latinos
1579 1996 1719 2035 transiit;

1008 2047 1103 2075 eaque
1116 2037 1225 2067 Cicero
1235 2038 1305 2076 plus
1317 2039 1411 2068 semel
1425 2039 1536 2077 utitur;
1553 2038 1631 2068 iuter
1641 2040 1720 2069 alios

1008 2079 1092 2109 locos
1109 2080 1138 2110 in
1156 2080 1257 2119 Epist.
1271 2081 1293 2110 l.
1308 2081 1362 2111 xii.
1387 2080 1503 2121 [Epist.
1520 2081 1588 2122 25]
1627 2082 1720 2118 Quod

1008 2122 1158 2161 reliquum
1182 2127 1242 2158 est,
1266 2135 1320 2163 per
1345 2125 1466 2154 Etesias
1494 2125 1719 2155 Demosthenen

1009 2169 1145 2195 aestatem
1161 2166 1317 2205 intelligit,
1329 2172 1448 2206 tempus
1460 2167 1582 2197 scilicet
1596 2178 1657 2206 quo
1668 2168 1720 2198 isti

1009 2209 1094 2237 venti
1111 2209 1355 2245 dominabantur,
1367 2221 1490 2250 quoque
1505 2211 1605 2239 Graeci
1622 2212 1661 2240 ob
1675 2211 1720 2240 in·

1011 2256 1133 2290 gentem
1150 2252 1281 2282 calorem
1298 2253 1334 2281 ad
1351 2253 1457 2283 :estiva
1470 2262 1502 2282 se
1517 2252 1719 2291 recipiebant.

1011 2294 1175 2334 Philippus
1190 2295 1228 2324 ad
1244 2305 1294 2324 res
1309 2296 1443 2334 agendas
1455 2295 1631 2334 asperrimis
1646 2306 1721 2326 usus

1010 2341 1057 2366 est
1085 2337 1340 2376 ternpestatibus;
1362 2348 1441 2378 quae,
1472 2338 1613 2369 omuibus
1643 2340 1721 2369 beno

1010 2379 1183 2417 pensitatis,
1200 2390 1252 2410 sua
1265 2381 1355 2410 etiam
1372 2391 1475 2411 secum
1491 2382 1651 2411 commoda
1666 2392 1720 2420 ap—

1010 2427 1142 2460 portant.
1187 2423 1257 2453 Aul.
1279 2423 1360 2452 Gell.
1378 2424 1398 2453 Ι.
1419 2424 1451 2453 ii.
1470 2434 1498 2454 o.
1515 2426 1566 2454 22.
1590 2425 1718 2455 Aristot.

1011 2464 1144 2495 Meteor.
1165 2465 1186 2495 l.
1210 2466 1241 2495 ii.
1263 2476 1291 2495 c.
1316 2467 1347 2496 5.
1369 2471 1401 2496 et
1425 2469 1455 2498 6.
1478 2466 1623 2497 Tourrell.
1671 2468 1721 2496 De

1011 2507 1128 2537 Etesiis
1145 2518 1179 2537 ac
1192 2509 1265 2538 Nilo
1280 2508 1351 2539 vide
1364 2509 1458 2539 Diod.
1474 2509 1495 2538 l.
1511 2509 1533 2539 i.
1549 2519 1581 2547 p.
1600 2510 1653 2540 35.
1666 2511 1720 2539 39.

1012 2549 1089 2579 Vide
1115 2551 1205 2580 etiarn
1231 2552 1333 2581 Strub.
1358 2552 1379 2581 l.
1400 2552 1477 2582 xvii.
1502 2563 1531 2591 p.
1555 2553 1630 2582 789.
1660 2552 1720 2581 Ed.

1010 2591 1141 2623 casaub.
1158 2594 1229 2623 Ald.
1246 2593 1430 2629 Manutium,
1445 2593 1574 2624 doctiss.
1591 2594 1721 2624 Salmas.

1010 2634 1040 2664 in
1063 2635 1144 2665 Plin.
1161 2636 1331 2666 Exercitat.
1353 2647 1383 2675 p.
1400 2639 1474 2667 299.
1494 2641 1525 2666 et
1545 2646 1629 2675 seqq.
1653 2637 1719 2667 He-

1010 2677 1085 2706 kelii
1102 2682 1186 2708 notas
1199 2679 1236 2708 ad
1251 2679 1376 2708 Cluver.
1393 2689 1424 2717 p.
1440 2681 1515 2711 390.
1526 2678 1578 2708 nbi
1596 2680 1660 2709 Nili
1674 2680 1720 2710 in-

1010 2721 1177 2750 crescentis
1202 2721 1438 2759 descriptionem
1461 2722 1563 2760 legere
1588 2727 1636 2752 est
1660 2723 1722 2753 ele·

1010 2763 1230 2799 gantis-simam,
1249 2769 1277 2793 et
1300 2763 1444 2793 Wollium
1471 2773 1563 2802 snpra
1587 2765 1618 2794 in
1644 2767 1720 2805 Arg.

1010 2806 1151 2835 Momm.

1055 2847 1238 2888 Δυναίμεθα]
1260 2848 1531 2887 Vulg.8vv³61.455a.
1577 2850 1638 2880 Sed
1659 2849 1722 2883 ἡνίκ’

1007 2887 1043 2918 οἶν
1071 2900 1098 2919 c.
1127 2892 1206 2928 conj.
1233 2895 1297 2920 est:
1328 2892 1352 2920 si
1382 2892 1506 2930 quando.
1542 2893 1720 2932 Olynth.1.

1009 2932 1108 2972 (ΙΙΙ.)
1130 2933 1155 2971 §.
1187 2931 1225 2965 β’.
1250 2931 1314 2963 ηνίκ’
1338 2931 1373 2962 εἰν
1396 2934 1483 2975 τύχῃ.
1518 2935 1622 2972 Quare
1649 2946 1719 2966 cum

1014 2975 1145 3006 Bekker.
1161 2976 1233 3006 dedi
1258 2975 1427 3016 δυναίμεθα,
1445 2987 1476 3008 eo
1497 2984 1631 3018 tempore,
1652 2989 1718 3020 quo.
