1824 3171
192 152 298 190 cxciv
647 153 855 204 REISKII
889 152 916 189 P
925 153 1176 191 RAEFATIO

195 267 272 304 quo
288 267 376 292 usus
397 262 454 292 est
468 254 710 307 Sylburgius‚
728 270 795 294 seu
813 256 1025 307 quicunque
1045 255 1296 305 appendicem
1311 253 1636 298 Francfurtanam,

197 328 219 352 a
240 329 300 353 me
322 316 375 354 sic
396 317 547 363 dictam,
571 319 730 356 curavit.
763 318 913 355 Desinit
934 318 992 354 illa
1015 317 1169 355 collatio
1199 318 1233 353 in
1262 329 1372 354 versu
1402 314 1572 353 secundo
1600 326 1640 363 p.

196 379 287 415 520.
307 376 480 415 editionis
513 378 708 418 Parisinae.
766 378 859 417 Inde
889 392 1007 428 usquc
1039 379 1088 415 ad
1118 378 1318 416 funebrem
1348 376 1558 415 orationem
1588 374 1642 412 nil

197 445 418 476 annotatum
437 439 489 477 ibi
510 440 643 490 reperi.

718 639 887 682 SECT.
925 640 1128 682 XXIII.

341 751 402 790 De
420 753 630 798 rationibus,
652 766 740 802 quas
755 759 898 790 secutus
911 767 987 791 sum
1005 755 1041 791 iu
1060 755 1190 791 edendo
1203 753 1449 801 Demosthene,
1470 760 1505 792 et

569 815 826 852 commentariis
844 815 879 852 in
900 828 976 851 eum
993 816 1263 854 conscribendis.

252 913 334 951 HAE
348 913 452 952 fuere
471 913 562 951 mihi
583 915 705 966 copiae
724 916 774 953 ad
793 929 925 955 manus
947 917 1154 956 editionem
1172 918 1272 956 hanc
1294 917 1408 956 Dem.
1430 915 1645 962 adornanti,

199 973 336 1024 quibus
356 974 475 1026 copiis
495 976 688 1025 quomodo
719 976 789 1013 sim
817 990 922 1023 usus,
952 977 1158 1016 dicendum
1186 978 1277 1015 mihi
1306 991 1409 1016 nunc
1437 985 1508 1015 est.
1563 976 1646 1014 Pri-

198 1047 303 1072 mum
334 1035 476 1073 contuli
508 1036 577 1074 hos
609 1037 764 1075 codices
793 1050 908 1075 manu
937 1047 1127 1087 exarato&
1156 1047 1196 1078 et
1215 1040 1296 1085 has,
1318 1052 1412 1090 quas
1433 1038 1525 1084 dixi,
1546 1037 1647 1089 typis

199 1096 375 1146 vulgatas
404 1097 590 1135 editiones
617 1111 703 1135 cum
724 1099 891 1137 editione
912 1100 1127 1147 Parisiensi,
1149 1108 1187 1139 et
1208 1115 1293 1152 quae
1321 1101 1433 1138 bonae
1455 1099 1648 1150 genuinae-

196 1170 270 1206 que
290 1157 511 1195 viderentur
531 1159 728 1206 lectiones,
750 1173 816 1198 eas
837 1161 981 1213 recepi,
996 1162 1263 1201 vetustioribus
1282 1162 1405 1213 pravis
1422 1160 1649 1199 lectionibus

200 1217 405 1268 abrogatis.
473 1220 696 1258 Bavaricum
727 1221 899 1259 codicem
931 1230 970 1260 et
1002 1224 1271 1274 Augustanum
1301 1222 1513 1261 secundum
1543 1221 1649 1260 solus

201 1272 359 1325 eontuli,
390 1280 555 1331 reliquos
588 1295 665 1320 una
696 1296 781 1320 cum
815 1297 947 1329 uxore,
984 1284 1191 1323 Ernestina
1225 1284 1418 1323 Christina
1451 1283 1648 1328 Mulleria,

201 1339 497 1391 Kembergensi,
517 1356 631 1392 quam
659 1351 874 1381 matronam
893 1345 1074 1395 pudicam
1097 1352 1136 1383 et
1153 1345 1266 1395 frugi,
1287 1345 1438 1395 meique
1460 1350 1498 1382 et
1517 1343 1650 1381 literu-

199 1399 322 1437 larum
342 1414 512 1439 mearum
533 1412 738 1450 amantem,
759 1405 797 1441 in
816 1405 891 1443 hoc
909 1419 1025 1456 opere
1046 1405 1265 1443 industriam
1284 1413 1322 1442 et
1341 1406 1521 1443 solertem
1536 1403 1652 1442 habui

200 1461 357 1498 sociam.
389 1462 524 1500 Studio
540 1464 628 1509 mei,
644 1477 720 1514 quo
735 1465 885 1502 labores
902 1466 1084 1513 plurimos
1099 1466 1362 1515 maximosque
1383 1466 1419 1501 in
1436 1466 1511 1502 hoc
1532 1474 1651 1515 opere

200 1521 293 1557 mihi
318 1522 539 1562 tolerandos
569 1525 800 1568 sublevaret,
822 1525 948 1561 literas
977 1538 1124 1575 graecas
1152 1534 1191 1563 et
1218 1527 1354 1564 latinas
1382 1539 1442 1563 me
1471 1527 1653 1576 magistro

202 1581 318 1632 coepit
345 1582 507 1628 discere,
527 1596 685 1634 quarum
704 1584 806 1621 rudis
826 1584 916 1621 mihi
935 1585 973 1621 in
996 1598 1148 1622 manum
1168 1594 1412 1625 convenerat.
1449 1587 1649 1625 Editiones

203 1642 380 1680 Aldinam
400 1650 439 1680 et
463 1644 661 1682 Paulinam
687 1646 770 1695 ipsa
795 1645 876 1683 sola
896 1646 1072 1683 contulit.
1092 1659 1165 1684 nec
1186 1660 1261 1683 non
1283 1648 1454 1685 codicem
1474 1654 1651 1698 quartum

203 1705 490 1754 Augustanum‚
520 1706 566 1742 In
593 1706 826 1756 digerendis,
848 1707 1155 1757 mundandisque
1176 1715 1214 1744 et
1235 1707 1469 1759 impressioni
1498 1721 1652 1746 accom-

200 1765 400 1803 modandis
423 1766 605 1804 chartulis
637 1767 729 1805 meis
762 1768 931 1805 confusis
964 1781 1121 1818 operam
1153 1769 1243 1805 mihi
1280 1770 1454 1820 praestitit
1483 1769 1652 1807 indefes·

202 1839 295 1863 sam.
314 1830 422 1875 cujus
443 1841 571 1877 operae
591 1835 633 1865 ut
651 1841 724 1878 ego
755 1828 823 1879 ipsi
853 1828 1034 1866 maximas
1055 1829 1182 1866 habeo
1211 1842 1363 1880 agoque
1392 1830 1546 1880 publice
1567 1843 1652 1880 gra-

202 1887 286 1933 tias,
308 1887 360 1925 ita
378 1901 489 1939 spero
517 1888 683 1926 futurum
718 1896 760 1926 ut
780 1897 871 1927 aetas
888 1903 1040 1941 quoque
1059 1897 1097 1928 et
1115 1891 1197 1929 haee
1218 1899 1357 1937 nostra,
1388 1899 1427 1929 et
1457 1892 1652 1930 insecutu-

203 1961 269 1993 rae,
305 1949 526 1987 memoriam
560 1951 641 2000 ejus
671 1958 781 2001 grata
809 1951 1075 1989 recordatione
1105 1952 1288 1990 recolant.
1345 1953 1652 1991 Pronuntiationi

203 2023 420 2061 graecorum
441 2011 674 2049 Erasmianae
698 2025 783 2049 cum
803 2025 887 2050 eam
918 2013 1228 2059 adsuefecissem,
1255 2014 1427 2064 preelegit
1456 2014 1519 2052 illa
1543 2013 1650 2059 mihi,

203 2070 354 2108 codices
385 2079 502 2110 mstos
530 2073 732 2123 relegenti,
753 2073 973 2124 exemplum
994 2073 1278 2111 Morellianum.
1334 2074 1396 2112 Ita
1415 2074 1564 2125 quoties
1593 2087 1653 2112 oc-

204 2132 378 2170 eurreret
396 2133 570 2179 varietas,
591 2147 675 2184 quae
693 2147 768 2171 non
788 2134 900 2185 plane
921 2135 1140 2184 spernenda
1158 2134 1362 2183 videretur,
1382 2148 1462 2173 eam
1485 2133 1655 2172 enotavi.

203 2193 376 2242 perfecta
396 2194 597 2233 collatione
622 2195 720 2246 coepi
739 2195 924 2232 lectiones
944 2195 1026 2232 illas
1047 2209 1178 2232 omnes
1199 2195 1386 2246 digerere,
1409 2203 1447 2233 et
1468 2208 1582 2233 unum
1611 2195 1650 2232 in

202 2253 336 2290 librum
365 2255 589 2292 variantium
620 2256 808 2301 conferre,
829 2256 965 2305 quibus
988 2256 1116 2293 addidi
1137 2269 1212 2301 eas,
1234 2270 1327 2307 quas
1349 2257 1503 2308 Taylori
1532 2257 1652 2294 editio

203 2314 485 2365 suppeditabat,
512 2329 586 2353 nec
606 2330 682 2354 non
716 2316 833 2353 editio
854 2317 1059 2360 Wolfiana,
1092 2324 1129 2354 et
1161 2317 1305 2355 indices
1336 2317 1435 2363 Aldi‚
1469 2317 1650 2363 Manutii,

204 2374 394 2413 Lambini.
451 2377 495 2413 In
524 2377 597 2414 hac
629 2390 759 2429 opera,
794 2376 1019 2414 incredibile
1045 2377 1150 2414 dictu
1180 2385 1250 2423 est,
1277 2391 1389 2428 quam
1421 2378 1583 2415 molesta
1612 2385 1653 2416 et

206 2436 376 2482 taediosa,
397 2437 479 2487 plus
501 2451 639 2474 annum
662 2437 867 2475 consunisi.
927 2438 1127 2475 Ridebunt
1164 2451 1223 2475 me
1253 2439 1431 2489 imperiti,
1459 2439 1521 2489 qui
1553 2453 1652 2476 aeru-

205 2509 378 2534 mnosam
413 2506 451 2535 et
484 2498 737 2536 miserabilem
768 2499 849 2549 ipse
881 2499 973 2535 mihi
1001 2499 1170 2536 laborem
1204 2499 1372 2538 literulas
1405 2500 1652 2538 consectandi

206 2557 462 2608 imposuerim.
482 2572 576 2610 quos
592 2573 665 2610 ego
681 2560 844 2598 vicissim
864 2568 1068 2597 contemno
1088 2569 1127 2598 et
1153 2562 1310 2599 misci-or
1332 2575 1437 2599 usum
1459 2569 1497 2600 et
1515 2575 1653 2600 neces-

204 2619 355 2657 sitatem
372 2618 484 2668 hujus
515 2621 569 2658 rei
598 2621 829 2659 nescientes.
886 2622 1041 2659 Fundus
1075 2622 1136 2659 hic
1170 2629 1227 2660 est
1254 2623 1417 2673 optimus
1447 2630 1486 2660 et
1518 2623 1653 2674 praeci-

204 2694 304 2732 puus
327 2682 653 2719 emendandorum
673 2690 846 2720 veterum
868 2690 1080 2721 auctorum.
1138 2683 1317 2721 Editores
1337 2691 1506 2720 veterum
1539 2683 1653 2721 libro-

205 2756 288 2779 rum
319 2742 408 2779 hinc
437 2742 600 2795 incipero
622 2743 774 2781 debent.
833 2744 961 2781 Prima
981 2744 1064 2781 hmc
1086 2745 1203 2781 debet
1224 2758 1355 2782 corum
1377 2757 1461 2782 esse
1485 2757 1587 2789 cura,
1609 2752 1652 2782 ut

204 2811 323 2841 iustos
345 2804 498 2841 codices
527 2813 673 2842 veteres
704 2806 814 2842 bonai*
837 2813 946 2849 notre,
978 2813 1036 2842 ant
1058 2806 1086 2842 si
1118 2806 1173 2842 liis
1195 2814 1359 2850 careant,
1382 2806 1652 2845 vetustissimas

205 2865 325 2902 saltim
346 2865 531 2903 editiones
562 2865 806 2916 primigenius
839 2866 1037 2916 inspiciant
1069 2881 1088 2903 e
1116 2867 1221 2904 mstis
1258 2867 1405 2910 ducta&
1438 2879 1560 2917 coque
1593 2867 1650 2907 his
