1824 3171
445 197 1026 239 ΟΛὙΝΘΙΑΚΟΣ
1083 202 1139 240 A.
1200 190 1305 258 (Γ.)
1535 197 1599 250 19

151 311 232 361 ζαν
259 334 337 362 και
362 333 457 361 οποι
486 333 553 367 τις
576 309 631 359 οἳν
659 305 780 367 εἴποι
806 308 1097 402 ’παραλείπω
1098 333 1378 403 crearetur.
1424 312 1495 363 Ta
1516 312 1601 375 οὐν,

152 382 208 434 ἀν
240 408 283 435 τι
321 381 451 444 εἴποι,
479 383 636 433 ταῦτα
662 381 808 448 λεγεις
831 384 931 453 ἡμῖν
958 403 1056 434 νυν·
1045 424 1057 442 ,
1087 382 1188 436 Ἰνοι
1214 408 1376 449 γνωτε,
1405 393 1435 435 ὠ
1416 384 1605 460 ἄνδρες

148 456 390 518 Ἀθηναῖοι,
411 480 489 507 και
517 455 750 518 αἴσθησθε
778 457 1030 531 οἷμφότερα,
1059 482 1138 509 και
1161 482 1212 509 το
1202 456 1499 552 προὶεσθοιι
1492 462 1605 511 καθ
1622 490 1673 524 62

149 553 337 581 εκαστον
364 528 469 580 Ξοῖει
498 554 541 580 τι
577 555 662 581 των
650 533 988 624 πραγμάτων
1016 557 1070 590 ως
1104 534 1391 595 αλυσιτελες,
1421 556 1499 584 και
1527 533 1605 586 viv

148 604 630 695 φιλοπρωγμοσύνην,1
644 603 672 674 ᾗ
695 629 863 696 χρῆται
900 630 978 657 και
1017 605 1133 678 συζῇ
1167 605 1426 668 Φιλιππος,
1454 624 1511 669 υφ
1557 633 1606 668 ης

148 699 225 727 ουκ
269 700 387 728 εστιν
431 702 549 736 οπως
592 677 846 744 abstemio-ag·
886 690 976 737 τοῖς
1030 703 1372 749 πεπραγμενοις
1409 681 1606 748 ἧσυχιαν

148 750 329 815 σχήσει.
359 750 395 802 εἶ
410 749 507 837 ’'‘3
487 776 506 802 ο
532 775 628 820 μεν,
657 753 710 810 ὦς
736 751 846 803 ροὶει
866 778 909 804 τι
935 753 1085 825 μεῖζον
1113 779 1197 804 των
1228 778 1519 822 υπαρχοντων
1547 753 1615 806 δεῖ

148 823 377 911 πράττειν,
406 849 602 890 ε’γνωκως
628 849 778 885 εστ-αι,
808 826 929 896 υμεῒς
956 825 1077 889 cie,
1044 852 1100 885 ως
1127 827 1287 885 ουὸενος
1311 828 1608 889 οἷντιληπτεον

148 896 380 972 Ερἑωμὲνως
407 923 490 949 Των
516 923 824 973 πραγματων,

238 1010 279 1033 ¹
262 1026 275 1053 ῃ
294 1024 360 1054 προς
375 1013 509 1046 ἅπαντας
523 1024 577 1053 xgr.
565 1014 630 1042 ’ἴται

149 1095 359 1134 impotentium
373 1106 454 1125 arma
464 1101 560 1131 erant,
573 1106 740 1136 parumque
754 1102 860 1128 eontra

147 1139 243 1168 densa
257 1139 386 1168 militum
403 1139 523 1176 agmina
541 1139 690 1169 valebant.
717 1141 859 1179 Neopto

148 1181 247 1210 lemus
258 1192 288 1210 se
299 1181 502 1220 potentiorem
512 1191 580 1210 esse
592 1183 699 1216 sensit,
706 1182 859 1221 lentisque

148 1223 430 1253 ratiocinationibus
447 1224 581 1253 detineri
597 1225 705 1254 noluit.
741 1226 859 1255 Praeci·

146 1276 227 1304 puus
244 1266 285 1302 ei,
301 1277 335 1296 ac
349 1267 452 1305 potius
468 1267 589 1302 unicus,
606 1267 714 1296 titulus
730 1275 794 1297 erat
807 1279 859 1308 ge-

148 1309 214 1338 neri
229 1309 276 1338 sui
293 1309 428 1349 Philippi
443 1309 604 1339 auxilium:
623 1310 674 1349 qui
690 1311 812 1341 minime
830 1312 857 1341 ei

148 1352 258 1386 defuit,
274 1351 367 1391 idque
394 1353 513 1382 tandem
538 1352 652 1388 effecit,
675 1359 718 1389 ut,
736 1355 858 1384 circiter

148 1398 210 1424 tres
221 1405 314 1424 annos
329 1400 397 1425 ante
408 1395 543 1424 habitam
554 1396 629 1425 hanc
642 1397 858 1427 Demosthenis

149 1438 328 1472 orationem,
351 1439 501 1477 Arymbas
526 1449 652 1477 regnum
676 1449 765 1469 suum
788 1451 856 1469 cum

148 1480 355 1518 Neoptolemo
372 1481 480 1520 partiri
497 1486 677 1519 cogeretur:
702 1484 789 1520 cujus
812 1483 856 1512 rei

148 1523 263 1552 nullum
277 1534 420 1563 unquam,
432 1525 492 1561 jam
506 1524 579 1552 inde
591 1534 607 1553 a
618 1524 773 1564 principio
790 1527 856 1563 ejus

148 1564 271 1604 imperii
297 1577 314 1595 a
341 1567 460 1605 Pyrrho
485 1567 615 1596 Achillis
640 1567 701 1597 filio
726 1568 856 1604 fundati,

149 1609 321 1646 exemplum
337 1609 510 1639 exstiterat.
540 1609 672 1639 Primam
691 1611 766 1640 hane
782 1611 858 1649 inju-

149 1651 223 1680 riam
241 1652 364 1689 gravior
379 1652 514 1682 insecuta
537 1658 594 1682 est.
632 1653 757 1683 Mortuo
777 1655 855 1683 enim

148 1694 284 1732 Arymba
301 1694 440 1734 [Olymp.
459 1697 531 1725 109.
549 1705 616 1725 ann.
633 1696 682 1736 3.]
704 1701 762 1726 tam
780 1698 856 1726 bene

148 1737 292 1775 Philippo
321 1748 498 1767 successere
527 1739 593 1777 ejus
620 1739 670 1768 vel
696 1740 784 1768 rninae
809 1741 857 1769 vel

147 1780 306 1815 versutiae,
329 1786 363 1809 ut
387 1780 517 1810 Molossi
542 1781 689 1811 AEaciden
712 1783 857 1820 Arymhae

148 1822 242 1851 filium
259 1833 293 1851 ac
305 1823 474 1862 legitimum
485 1824 636 1853 haeredem
650 1825 814 1862 pellerent,
827 1830 858 1854 et

148 1865 356 1894 Alexandrum
394 1866 496 1893 filium
526 1867 723 1913 Neoptolemi
761 1868 856 1897 totius

149 1907 236 1945 Epiri
250 1908 347 1936 solum
365 1918 466 1945 regem
484 1907 717 1938 constituerent.
760 1910 857 1939 Justi-

149 1960 207 1979 nus
223 1950 251 1978 in
269 1960 323 1978 sua
343 1950 440 1988 Trogi
459 1949 601 1988 Epitome
620 1951 696 1979 hanc
717 1952 857 1990 genealo-

149 1992 229 2030 giam
247 1992 379 2026 mutilat,
400 2002 435 2020 ac
461 1992 570 2021 seriem
590 1993 764 2023 confundit:
791 2005 857 2032 quae

149 2034 270 2073 quidem
296 2035 386 2072 culpa
412 2034 565 2074 plerisque
593 2035 856 2066 abbreviatoribus

149 2076 317 2106 communis
334 2081 393 2112 est,
408 2077 457 2115 qui
475 2077 626 2115 profecto,
652 2083 685 2107 ut
705 2078 857 2117 ignaviam

149 2120 322 2154 sublevent,
337 2119 537 2158 ignorantiam
553 2119 646 2149 alunt.
681 2121 858 2151 Alexander

149 2163 264 2202 primus
280 2163 477 2201 Neoptolemi
494 2163 610 2201 antiqui
628 2163 720 2199 iilius,
738 2164 857 2203 Philip-

148 2206 241 2244 pique
258 2216 317 2235 non
334 2206 431 2235 solum
449 2206 549 2235 uxoris
570 2207 672 2241 frater,
688 2207 742 2235 sed
765 2217 857 2246 gener

148 2248 240 2278 etiam
273 2249 362 2287 cnjus
393 2259 502 2287 nempe
534 2253 631 2278 natam
661 2249 855 2288 Cleopatram

148 2301 273 2321 uxorem
296 2291 396 2325 duxit,
412 2291 511 2321 ltaliae
535 2292 648 2320 bellum
669 2293 781 2328 intulit,
798 2293 856 2323 ibi-

148 2345 207 2372 que
233 2335 314 2363 diem
343 2334 420 2363 obiit
448 2344 636 2374 supremum.
682 2336 759 2365 Post
785 2346 855 2366 eum

149 2377 295 2406 AEacides
316 2377 353 2406 ad
366 2378 512 2416 majorum
534 2378 647 2407 solium
671 2383 799 2408 evectus
822 2379 853 2408 in

151 2419 246 2458 Epiro
256 2420 338 2449 solus
355 2420 506 2459 regnavit,
518 2431 703 2459 regnumque
721 2421 782 2451 filio
800 2432 855 2451 suo

148 2462 285 2501 reliquit,
303 2463 421 2501 Pyrrho
446 2462 490 2492 illi
512 2464 542 2492 in
559 2464 700 2493 Historia
721 2465 857 2494 Romana

148 2510 210 2535 tam
226 2506 353 2540 celebri,
372 2506 532 2544 magnique
548 2506 714 2536 Alexandri
732 2508 856 2537 sobrino

148 2548 186 2577 ab
220 2548 331 2577 Alceta
363 2549 515 2578 communi
555 2548 691 2586 ipsorum
731 2560 857 2587 proavo.

149 2591 281 2620 Pausan.
291 2592 321 2621 in
338 2591 400 2620 Att.
415 2591 494 2621 Plut.
510 2591 540 2620 iu
553 2592 643 2630 Pyrr.
655 2592 746 2621 Diod
759 2593 780 2622 l.
792 2593 857 2623 xvi.

151 2632 297 2663 Tourrell.
322 2635 464 2664 Mouxr.

191 2677 242 2705 Καὶ
255 2678 303 2707 τὴν
316 2676 566 2716 φιλοπςαγμοσύνν
561 2676 595 2717 ,ν]
619 2677 756 2706 Subaudi
772 2678 859 2715 γνῶτε

147 2714 190 2746 οιά
205 2717 293 2749 ἐστιν.
315 2720 454 2750 Auem.

182 2757 228 2800 'H
241 2763 362 2803 χςηται]
386 2763 472 2791 Inter
482 2762 536 2792 has
551 2772 641 2792 voces
657 2763 750 2801 vulgo
766 2761 861 2792 inter-

149 2802 259 2832 seritur
285 2804 349 2843 πρὸς
377 2804 522 2839 ἅπαντας,
546 2816 613 2844 quae
644 2807 738 2835 verba
768 2816 860 2844 quum

150 2845 251 2874 absint.
277 2856 294 2875 a
318 2847 421 2876 multis
442 2848 554 2883 Codd.,
568 2848 719 2886 ejicienda
742 2849 861 2887 putavi,

148 2887 184 2916 it.
193 2889 268 2926 ejec.
278 2888 379 2919 Bekk.
384 2889 768 2924 ,videnturexinitiooran
781 2891 859 2920 Mid.

149 2930 176 2968 §.
192 2930 222 2960 ά.
238 2934 304 2960 orta
315 2941 401 2961 esse:
424 2934 473 2963 τῆν
498 2931 579 2974 υΈριν,
602 2931 620 2975 ᾖ
641 2933 707 2974 πξός
729 2934 863 2968 ἅπαντας

149 2973 191 3002 ἀεὶ
208 2973 484 3014 χρῆται.3111)1(1.

855 900 1138 952 3σκοπεῖσθε
1172 900 1230 958 εἷς
1263 900 1318 952 τί
1338 926 1431 953 ποτ
1469 902 1608 962 ἐλπὶς

911 1016 923 1034 2
938 1013 991 1042 αἰεὶ
1266 1017 1279 1035 ³
1293 1016 1436 1046 σποπεῖτε

936 1093 991 1124 Ἀεὶ
1011 1094 1108 1135 μειξσν
1123 1099 1178 1126 τῶν
1194 1097 1306 1138 ὑπαξχο
1298 1098 1390 1139 §vm-v]
1415 1100 1460 1130 Ut
1475 1110 1526 1137 ea,
1539 1112 1605 1140 qnae

888 1148 951 1177 jam
965 1139 1115 1176 possidet
1130 1147 1250 1177 augeat.
1274 1142 1378 1171 lom,

934 1179 1121 1222 Ἐῤῥωμένως]
1154 1184 1224 1212 Prae
1254 1184 1373 1213 desidia
1404 1185 1606 1217 Athenienses

891 1234 951 1252 non
979 1234 1042 1259 eas,
1060 1235 1133 1262 qnas
1158 1235 1214 1263 par
1237 1230 1314 1261 erat,
1340 1227 1446 1266 copias
1474 1229 1606 1260 instrue-

892 1268 974 1296 bant.
1000 1267 1106 1297 InEM.

936 1310 1108 1344 Σκοπεῖσὲε,
1125 1310 1162 1343 εἷς
1182 1310 1214 1341 τί
1233 1311 1298 1341 ποτ’
1322 1310 1414 1346 ἐλπὶς
1435 1315 1532 1343 ταῦτα
1558 1325 1606 1344 τε-

891 1352 1044 1391 λευτῆσαι]
1071 1353 1179 1389 Miror,
1207 1354 1382 1390 Reiskium‚
1409 1356 1477 1385 3111·
1500 1357 1608 1387 511111Ιί-

891 1396 948 1423 bus
965 1395 1042 1424 locis
1061 1396 1220 1431 offensum,
1239 1397 1288 1426 hic
1303 1398 1374 1427 nihil
1392 1400 1550 1429 monuisse
1567 1401 1606 1430 de

891 1438 1004 1467 aoristo
1024 1444 1096 1477 post
1117 1437 1212 1474 ἐλπὶς,
1226 1441 1398 1478 praesertim
1416 1453 1506 1480 quum
1524 1444 1606 1482 Aug.

891 1490 938 1519 pr.
955 1481 1037 1519 legat
1053 1482 1241 1512 τελευτησειν.
1285 1485 1404 1523 Nempe
1430 1485 1492 1514 dici
1516 1487 1606 1522 solet,

890 1529 959 1561 post
990 1524 1094 1559 verba,
1120 1536 1188 1563 quae
1213 1526 1308 1555 futuri
1338 1527 1410 1565 quid
1439 1527 1609 1565 involvant,

891 1570 942 1595 aut
962 1547 1094 1596 futuruni
1121 1568 1275 1603 infinitivi,
1291 1575 1342 1598 aut
1362 1569 1394 1597 ἂν
1409 1581 1476 1599 cum
1493 1572 1606 1602 aoristo

890 1608 1029 1638 infinitivi
1046 1609 1130 1648 poni.
1176 1612 1226 1647 Id,
1243 1612 1269 1640 si
1288 1622 1350 1641 rem
1376 1612 1404 1641 in
1426 1613 1604 1644 universum

892 1657 1023 1690 spectes,
1039 1663 1140 1681 verum
1160 1660 1216 1683 est.
1262 1654 1324 1683 Sed
1338 1656 1398 1693 jam
1413 1656 1469 1685 hoc
1483 1666 1606 1686 accura-

892 1695 955 1724 tius
972 1696 1187 1725 definiendum.
1233 1697 1352 1736 Nempe
1370 1698 1538 1728 siaoristus
1555 1701 1606 1730 vel

892 1738 983 1766 etiam
1011 1749 1144 1777 praesens
1164 1739 1307 1769 infinitivi
1334 1751 1402 1769 cum
1419 1741 1451 1770 ἂν
1466 1748 1607 1780 ponatur,

892 1781 970 1809 solet
1001 1791 1070 1811 esse
1102 1782 1284 1822 hypothesis
1309 1783 1356 1811 vel
1384 1793 1532 1822 expressa
1558 1787 1607 1816 vel

891 1823 1072 1862 supplenda,
1091 1834 1120 1852 v.
1138 1835 1164 1854 c.
1182 1825 1294 1863 Philip.
1313 1826 1340 1854 Ι.
1365 1826 1390 1865 §.
1416 1827 1455 1855 ιά.
1491 1829 1607 1858 Δοκεῖτε

891 1864 918 1893 δέ
935 1877 985 1903 μοι
1007 1867 1080 1895 πολυ
1096 1863 1237 1895 &kM-nov*
1225 1878 1257 1896 αν
1273 1867 1334 1907 περὶ
1353 1869 1403 1897 τοῦ
1419 1868 1547 1908 πολέμου
1559 1871 1607 1900 καὶ

889 1905 954 1941 δ’λης
980 1919 1030 1940 της
1061 1911 1239 1947 παρασκευῆς
1270 1907 1487 1945 Εουλεύσασθαι,
1514 1913 1535 1942 εἶ
1563 1913 1609 1943 τᾶν

890 1949 976 1978 τόπον
1001 1952 1038 1980 τῖς·
1039 1961 1177 1990 ςχωρας,
1203 1950 1267 1991 πρὸς
1287 1963 1315 1980 ην
1335 1955 1510 1992 πολεμεῖτε,
1528 1954 1608 1986 ἐνθυ-

889 1990 1035 2030 μηθείητε,
1051 1998 1113 2027 aut,
1128 1994 1154 2022 si
1171 1994 1254 2023 nulla
1269 1993 1308 2023 sit
1324 1995 1514 2034 hypothesis,
1539 2009 1608 2037 par-

891 2034 1008 2063 ticula‘
998 2046 1030 2064 αν
1046 2035 1225 2074 simpliciter
1240 2036 1272 2065 id
1292 2037 1419 2073 indicat,
1435 2020 1516 2077 quod
1541 2041 1606 2070 fieri

891 2077 1000 2114 possit.
1046 2080 1193 2108 Futurum
1222 2085 1321 2108 autem
1351 2081 1478 2118 ponitur
1507 2083 1546 2112 de
1573 2094 1607 2113 re

890 2120 1020 2149 futura'
1012 2131 1042 2149 111
1065 2131 1110 2155 se,
1131 2121 1199 2150 sive
1221 2122 1261 2150 sit
1288 2123 1436 2158 conditio,
1453 2125 1519 2153 sive
1538 2136 1608 2156 non.

890 2163 932 2191 At
961 2162 1051 2192 etiam
1074 2174 1211 2202 praesens
1242 2168 1272 2193 et
1301 2166 1434 2195 aot-istus
1465 2167 1607 2198 infinitivi

891 2205 960 2234 loco
983 2206 1088 2241 futuri,
1107 2211 1139 2235 ut
1161 2207 1205 2235 sic
1229 2207 1339 2243 dicam,
1361 2209 1496 2247 ponitur.
1542 2211 1607 2241 Hic

886 2249 948 2286 jam
967 2249 1122 2278 Homerus
1137 2250 1257 2288 praeivit
1273 2251 1332 2279 Od.
1352 2252 1395 2280 11.
1413 2254 1486 2282 280.

931 2305 1048 2347 ἐλπωρή
1065 2320 1108 2337 τοι
1124 2307 1226 2339 ἔπειτα
1243 2311 1415 2340 veneo-risui
1431 2311 1500 2341 τάδε
1513 2311 1591 2353 ἔξγα.

888 2366 950 2396 111.
969 2370 1045 2398 319.
1062 2379 1088 2398 5.

1149 2436 1205 2467 ἕθεν
1219 2437 1267 2467 οὐκ
1283 2436 1399 2469 ἔλποιτό
1413 2449 1444 2476 γε
1460 2438 1551 2479 θυμῷ

980 2477 1108 2519 ἐλθέμεν.

891 2547 927 2575 In
965 2546 1128 2575 Herodoto
1162 2546 1290 2576 nimium
1328 2548 1386 2578 hoc
1427 2549 1607 2580 festinanter

893 2593 1058 2618 tractarunt
1090 2590 1146 2618 viri
1175 2590 1273 2625 docti,
1294 2601 1324 2619 v.
1342 2602 1369 2620 c.
1391 2592 1429 2620 ad
1454 2593 1491 2621 L.
1508 2594 1534 2621 Ι.
1555 2597 1605 2624 10.

893 2634 958 2667 50.,
988 2631 1106 2661 cautius
1140 2634 1252 2662 Petrus
1284 2633 1426 2663 Horreus
1455 2636 1606 2666 Observv.

894 2675 969 2704 Crit.
987 2675 1017 2704 in
1031 2675 1197 2712 scriptores
1209 2677 1335 2706 Graecos
1346 2677 1522 2712 historicos,
1541 2679 1607 2708 He-

893 2718 1034 2747 rodotum
1051 2717 1208 2757 praecipue
1222 2729 1253 2757 p.
1272 2721 1322 2748 ΞΟ.
1362 2721 1410 2749 De
1426 2721 1607 2759 Thucydide

894 2761 985 2790 docte
1009 2765 1039 2789 et
1071 2761 1225 2791 subtiliter
1249 2771 1348 2801 nuper
1371 2763 1435 2801 egit
1458 2764 1530 2792 Ern.
1554 2764 1606 2792 Fr.

895 2805 1002 2842 Poppo
1018 2803 1173 2833 Observv.
1191 2804 1281 2834 Critt.
1299 2805 1329 2833 in
1342 2805 1480 2843 Thucyd.
1492 2816 1522 2843 p.
1534 2807 1607 2835 149.

896 2845 962 2885 sqq.
980 2845 1185 2884 philosophos
1202 2852 1233 2877 et
1249 2853 1386 2877 oratores
1401 2847 1501 2883 tetigit
1512 2847 1608 2876 Hein-

895 2889 1009 2918 dorfius
1041 2889 1078 2918 ad
1104 2890 1240 2919 Platonis
1271 2890 1420 2919 Phaedon.
1448 2889 1473 2927 §.
1500 2891 1551 2919 3⁶2.
1577 2894 1608 2918 et

896 2933 1022 2971 Protag.
1037 2932 1063 2972 ᾗ.
1077 2934 1128 2963 19.
1144 2937 1175 2962 et
1189 2942 1316 2971 magnus
1329 2932 1537 2970 exemplorum
1554 2942 1608 2960 nu-

896 2985 997 3005 merus
1013 2979 1060 3004 est
1079 2975 1109 3004 in
1132 2985 1191 3005 uno
1216 2975 1437 3013 Xenophonte.
1481 2974 1530 3003 Ne
1550 2979 1609 3003 tra-
