1824 3171
588 190 668 228 AD
700 188 1160 229 DEMOSTHENEM,
1527 189 1602 228 cliii

139 295 276 335 bemus
307 292 516 342 Hervagm,
546 291 612 343 qui
643 305 719 329 non
748 305 882 343 parum
911 292 1059 330 addidit
1085 290 1137 328 illi
1167 297 1247 327 tum
1274 288 1483 339 dignitatis,
1515 300 1597 330 tum

138 358 252 395 etiam
282 353 574 397 commoditatis,
604 353 709 390 haud
736 352 998 391 mediocribus
1028 350 1225 403 impendiis
1253 351 1414 401 parique
1439 353 1597 402 vigilan-

138 419 201 463 tia,
222 424 262 454 ut
273 419 352 464 jam
371 415 508 452 merito
533 414 678 465 possint
707 427 841 452 omnes
871 413 1141 452 admirabundi
1171 412 1302 450 dicere
1323 411 1427 454 οὗτός
1457 415 1559 450 ἐστιν
1579 417 1598 452 ὁ

139 480 274 520 ἐκεῖνος
296 476 539 528 δημοσ-(ὲένης.
597 476 696 513 Haec
717 475 911 514 Erasmus.
953 476 1033 514 Sed
1061 474 1212 519 viderit,
1241 474 1304 524 qui
1333 473 1597 523 praedicationi

138 553 217 577 suae
245 538 361 575 fidem
390 534 518 576 faciat]
578 536 701 574 Haud
721 536 910 574 infitiabor
938 535 1237 588 splendidiorem
1267 533 1388 572 oculis
1417 534 1598 572 accidere

138 601 451 650 Herwagianam,
475 612 588 650 quam
611 598 807 644 Aldinam‚
834 612 994 650 quarum
1020 599 1085 636 illa
1114 596 1320 646 majoribus
1351 596 1485 641 literis,
1512 597 1598 635 haec

135 662 399 700 minutioribus
419 669 477 700 est
497 673 652 699 excusa.
675 661 957 699 commoditatis
986 661 1077 699 item
1097 660 1171 697 hoc
1191 658 1300 697 affert
1318 657 1423 695 haud
1448 669 1597 709 parum,

134 724 240 774 quod
261 737 309 761 ex
331 723 493 761 adverso
514 723 580 760 dat
603 722 742 760 oratori
771 730 1129 760 commentatorem.
1188 720 1260 757 Est
1281 719 1449 770 denique
1469 720 1599 771 saepis-

133 785 227 822 sime
248 784 508 835 Herwagiana
535 783 785 829 emendatior,
816 797 934 834 quam
966 783 1082 822 editio
1113 781 1352 833 primigenia.
1421 781 1598 819 Arbitrer

134 853 265 885 tamen
285 847 528 884 nihilominus
553 845 659 883 Aldo
679 845 812 883 deberi
846 846 948 897 plus,
968 858 1084 896 quam
1106 843 1329 894 HerwagiO,
1352 846 1462 892 cujus
1482 856 1600 894 opera

132 907 269 946 fuisset
298 916 508 954 cessatura,
539 907 569 945 si
597 907 799 945 materiam
830 907 895 945 ille
926 907 1072 945 nullam
1103 905 1331 944 suffecisset.
1389 904 1598 956 Plerasque

131 971 292 1008 mendas
314 970 471 1008 Aldinae
491 969 656 1007 servavit
678 969 951 1020 Herwagiana,
973 969 1080 1007 novis
1100 968 1200 1006 adeo
1220 965 1450 1018 quibusdam
1479 968 1599 1014 auxit,

133 1043 180 1067 ex
200 1044 248 1068 ea
267 1032 303 1068 in
325 1031 553 1082 posteriores
575 1030 777 1075 derivatis3
806 1044 883 1069 non
914 1031 1037 1068 nullas
1068 1037 1199 1067 tamen
1230 1028 1392 1074 sustulit,
1425 1041 1502 1066 non
1523 1041 1598 1080 ope

134 1092 222 1129 msti
244 1093 400 1137 codicis,
418 1092 483 1142 qui
503 1092 629 1129 nullus
649 1091 751 1142 apud
772 1092 1023 1142 Herwagium
1043 1091 1161 1128 fuisse
1181 1090 1348 1135 videtur,
1370 1089 1495 1128 nullus
1515 1103 1598 1128 cer-

133 1159 173 1190 te
194 1166 353 1204 usquam
382 1160 718 1198 commemoratur,
748 1153 818 1190 sed
847 1153 929 1190 solo
954 1152 1122 1202 ingenio,
1153 1152 1259 1189 haud
1288 1158 1442 1188 constat
1471 1153 1597 1201 cujus.

132 1213 409 1252 Verumtamen
436 1213 655 1264 suspicione
685 1213 722 1250 in
746 1214 943 1251 Simonem
972 1214 1186 1264 Grynaeum
1217 1213 1333 1250 feror.
1391 1212 1476 1250 Nisi
1504 1213 1596 1251 huic

132 1275 342 1326 suspicioni
372 1276 447 1313 hoc
475 1276 614 1321 obstat,
646 1275 752 1326 quod
781 1275 976 1326 Grynaeus
1006 1283 1088 1312 tum
1113 1274 1312 1325 temporis,
1342 1287 1429 1311 cum
1451 1274 1596 1312 Demo-

130 1337 286 1375 sthenes
308 1337 345 1374 in
367 1336 515 1374 officina
535 1336 795 1387 Herwagiana
815 1336 1088 1381 excuderetur,
1105 1335 1143 1372 in
1165 1336 1313 1386 Anglia
1327 1336 1598 1387 peregrinatus

132 1398 192 1437 sit.
250 1400 381 1441 Quare
401 1398 519 1437 satius
541 1398 611 1436 erit
631 1399 681 1436 de
702 1398 848 1436 Iacobo
876 1399 1058 1436 Reubero
1088 1397 1286 1448 suspicari,
1306 1397 1355 1435 de
1374 1410 1450 1448 quo
1477 1397 1593 1448 paulo

130 1468 217 1510 post
245 1461 418 1511 pluribus
448 1460 611 1505 dicetur,
637 1467 703 1498 aut
723 1459 771 1497 de
802 1460 946 1497 Ioanne
970 1458 1155 1510 Oporino.
1213 1457 1305 1495 Non
1324 1457 1475 1496 videtur
1496 1458 1596 1496 Era-

129 1533 232 1559 smus
250 1521 289 1558 in
305 1522 415 1570 hujus
436 1522 561 1559 laudis
575 1521 878 1559 communionem
897 1514 1175 1559 admittendus.
1231 1519 1350 1557 Haud
1370 1519 1594 1557 abundabat

131 1582 312 1621 Erasmus
338 1584 427 1630 otio,
447 1597 574 1634 neque
594 1583 747 1622 videtur
766 1583 801 1621 ei
821 1583 1015 1633 ingenium
1034 1582 1153 1620 fuisse
1176 1581 1432 1620 Demostheni
1462 1595 1592 1620 emen-

132 1644 261 1682 dando
288 1659 369 1696 par.
429 1645 521 1683 Aliis
551 1645 590 1683 in
620 1646 753 1691 literis,
782 1645 1012 1695 theologicis
1044 1645 1238 1696 imprimis,
1271 1645 1474 1696 regnabat.
1531 1646 1593 1684 Ab

130 1707 204 1746 hoc
227 1721 371 1759 genere
391 1708 552 1759 profano
581 1715 664 1747 erat
693 1708 865 1746 alienior.
922 1708 968 1745 In
996 1708 1071 1745 hac
1101 1707 1284 1753 editIOne,
1315 1720 1471 1759 prorsus
1492 1708 1594 1745 utin

131 1769 289 1815 Aldina,
311 1771 358 1808 ab
379 1770 551 1808 oratione
571 1770 694 1821 prima
721 1769 759 1806 in
782 1769 1086 1820 Aristogitonem
1110 1782 1230 1807 novus
1258 1770 1408 1807 orditur
1435 1770 1593 1820 pagina-

128 1838 213 1868 rum
232 1832 347 1877 ordo;
380 1845 458 1882 quo
477 1831 520 1869 fit
538 1839 582 1869 ut
610 1832 694 1869 haec
714 1844 879 1882 quoque,
902 1831 1043 1883 pariter
1073 1837 1188 1882 atque
1218 1831 1296 1877 illa,
1326 1831 1364 1868 in
1384 1831 1461 1869 duo
1483 1830 1592 1882 quasi

129 1889 335 1941 volumina,
366 1895 619 1945 dispescatur,
661 1894 731 1932 sed
763 1907 810 1931 ea
842 1894 952 1931 molis
986 1893 1168 1945 imparis3
1210 1906 1374 1944 quorum
1409 1893 1510 1944 prius
1540 1893 1592 1931 ad

127 1968 165 2006 p.
186 1959 276 1994 532.
294 1957 484 2007 procedit,
506 1957 669 1994 alterum
688 1956 738 1994 ad
757 1970 796 2006 p.
812 1958 903 1997 207.
935 1956 1016 1994 Sed
1033 1956 1073 1993 in
1094 1955 1356 2006 Herwagiana
1375 1968 1444 1994 cur
1469 1955 1508 1993 id
1536 1956 1592 1993 ita

130 2017 178 2054 sit
198 2017 424 2065 institutum,
444 2019 540 2056 ratio
560 2018 671 2056 reddi
685 2018 861 2069 quaedam
882 2025 1025 2069 potest,
1046 2031 1114 2056 cur
1132 2018 1170 2057 in
1189 2017 1347 2064 Aldina,
1367 2017 1484 2055 nulla.
1541 2018 1590 2055 In

130 2078 389 2124 Timocratea,
410 2093 524 2130 quam
551 2079 736 2130 proximae
757 2087 1047 2131 consequuntur
1072 2079 1148 2116 illae
1169 2079 1269 2124 duae,
1291 2092 1377 2129 quae
1399 2079 1588 2129 Aristogi-

130 2148 262 2178 tonem
290 2141 542 2187 insectantur,
567 2140 829 2178 commentarii
849 2140 1005 2185 finiunt;
1029 2140 1093 2191 qui
1113 2139 1379 2178 commentarii
1399 2146 1443 2177 ut
1461 2152 1484 2177 a
1503 2152 1589 2177 cor-

129 2215 223 2252 pore
251 2203 468 2240 orationum
495 2203 578 2253 ipso
602 2202 926 2248 discernerentur,
946 2214 1106 2239 necesse
1127 2209 1223 2244 erat,
1246 2208 1289 2238 ut
1317 2201 1417 2252 typis
1439 2202 1593 2250 maJori·

127 2263 199 2301 bus
219 2263 339 2302 oratio
359 2263 649 2302 demosthenica
677 2263 951 2309 excuderetur,
972 2263 1183 2301 minoribus
1202 2263 1324 2300 oratio
1345 2263 1591 2301 enarratoris.

129 2325 220 2363 Hoc
245 2327 324 2375 jam
344 2325 634 2364 conticescente
656 2324 844 2362 suadebat
863 2324 1105 2362 commodum
1125 2331 1324 2369 emtorum,
1353 2331 1396 2361 ut
1414 2324 1478 2375 qui
1507 2324 1591 2375 typi

130 2387 318 2425 hactenus
348 2394 477 2425 essent
507 2386 545 2423 in
582 2392 841 2424 enarratorem
870 2385 1036 2431 insumti,
1066 2385 1184 2423 iidem
1213 2398 1318 2423 nunc
1348 2385 1490 2423 oratori
1516 2386 1592 2437 ipsi

131 2456 474 2493 consecrarentur3
503 2461 551 2486 ne
572 2447 750 2485 volumen
770 2447 808 2484 in
828 2447 968 2484 molem
994 2448 1217 2485 abnormem
1237 2452 1474 2492 excurreret,
1490 2459 1591 2485 neve

132 2517 279 2548 sumtus
309 2510 607 2561 geminarentur.
665 2508 887 2546 Consultius
907 2521 1063 2559 quoque
1080 2507 1324 2558 Herwagius,
1347 2521 1417 2546 seu
1435 2508 1501 2558 qui
1520 2522 1591 2560 pro

131 2585 180 2610 eo
197 2573 499 2610 Demosthenem
520 2570 713 2609 edendum
733 2570 893 2616 curavit,
914 2577 1140 2621 argumenta
1155 2569 1371 2607 Libaniana
1385 2569 1592 2621 disposuit;

133 2649 219 2686 quae
238 2640 460 2686 argumenta
481 2633 695 2670 orationum
722 2632 760 2668 in
789 2632 914 2670 causis
933 2632 1086 2683 privatis
1106 2631 1275 2669 omnium
1295 2644 1382 2668 cum
1405 2632 1532 2670 Aldus
1551 2632 1590 2670 in

131 2710 249 2734 unum
279 2697 408 2734 locum
438 2694 708 2745 congessisset,
741 2701 780 2732 et
808 2694 847 2731 in
867 2694 977 2731 calce
998 2707 1078 2730 suae
1099 2692 1279 2730 editionis
1294 2693 1402 2743 quasi
1421 2694 1591 2732 abdidis-

132 2765 203 2802 set,
224 2758 360 2795 melius
379 2757 582 2794 consulens
603 2755 677 2800 hic,
699 2756 871 2807 quisquis
890 2755 977 2801 fuit,
997 2760 1223 2805 argumenta
1250 2753 1401 2804 singula
1431 2755 1590 2806 singulis

133 2818 367 2856 orationibus
394 2817 573 2870 praefixit.
633 2817 711 2854 Sed
729 2818 766 2854 in
787 2817 968 2867 exemplo
995 2829 1082 2853 meo
1112 2816 1382 2866 Herwagianae
1412 2817 1590 2854 desidero

132 2888 402 2931 argumentum
421 2879 602 2917 orationis
623 2878 660 2915 in
676 2879 982 2930 Aristogitonem
996 2878 1143 2929 primae,
1161 2878 1265 2928 quod
1280 2878 1318 2914 in
1335 2878 1473 2915 Aldina
1494 2878 1587 2914 tomi

131 2942 240 2992 primi
261 2942 436 2991 paginam
466 2937 637 2979 ultimam
665 2941 812 2992 implet.
871 2940 1041 2979 Videant
1070 2939 1209 2991 quibus
1237 2946 1297 2977 est
1317 2938 1589 2989 Herxvagianae

183 3022 278 3049 VOL.
309 3023 337 3048 1.
880 3025 901 3047 u
