1824 3171
437 181 511 219 AD
544 178 704 218 SUUM
736 178 1037 217 DEMOSTH.
1068 177 1354 215 PRAEFATT.
1542 178 1622 217 lxiii

176 283 497 337 quemadmodum
517 282 586 333 ipsi
606 295 670 319 eos
691 281 792 319 cives
820 294 921 326 suos,
942 281 1006 331 qui
1027 280 1322 331 Rempublicam
1344 281 1461 318 semel
1481 294 1618 330 geren-

179 347 265 385 dam
285 344 534 395 susceperint,
554 343 592 380 in
614 343 730 380 otium
752 356 792 380 se
813 342 987 380 conferre
1008 342 1070 379 ubi
1091 341 1290 385 voluerint,
1313 354 1388 378 non
1408 341 1617 390 patiantur:

179 408 235 445 sic
248 414 287 444 et
302 406 401 456 ipsiS,
419 405 481 455 qui
501 404 616 442 totius
638 404 800 441 Graeciae
820 411 997 453 patronos
1017 416 1058 440 se
1078 402 1238 453 professi
1252 401 1405 445 fuerint,
1424 402 1471 438 ab
1488 402 1622 438 eadem

179 466 485 511 administranda,
513 464 758 502 defendenda
783 472 897 514 atque
918 464 1090 502 ornanda
1117 463 1316 507 recedere,
1344 475 1527 512 suumque
1556 475 1623 498 ne-

180 527 325 577 gotium
345 539 474 577 agere,
492 539 575 564 esse
594 526 713 563 nefas.
756 525 964 563 Consimile
985 525 1181 575 quiddam,
1202 524 1286 570 (etsi
1302 524 1340 560 in
1359 536 1498 573 magna
1519 523 1625 559 dissi-

177 588 405 635 militudine)
423 587 490 624 viri
511 586 749 631 ornatissimi,
772 587 911 623 domini
939 595 978 624 et
1004 586 1155 637 patroni
1175 585 1339 630 colendi,
1367 592 1405 622 et
1434 585 1504 635 ipsi
1534 584 1624 620 mihi

181 651 370 689 accidisse
391 649 566 687 videtur:
584 656 625 686 ut
642 649 759 687 semel
782 649 931 687 Graecis
953 649 1193 693 Oratoribus,
1216 647 1468 697 Philosophis,
1493 647 1626 684 Astro-

181 711 292 762 logiS,
311 709 514 748 Historicis
535 710 585 747 ad
606 709 931 760 interpretandum
947 710 1146 761 susceptiS,
1161 709 1199 746 in
1215 722 1261 747 ea
1279 707 1481 759 provincia,
1503 719 1627 757 neque

184 785 251 823 spe
271 778 452 822 quaestus,
482 771 559 821 (qui
590 777 655 808 aut
682 771 805 808 nullus
832 777 902 815 est,
924 778 989 808 aut
1011 778 1115 809 certe
1145 784 1222 808 non
1242 777 1383 814 tantus,
1403 775 1445 806 ut
1472 769 1532 806 vel
1560 781 1629 805 ex—

182 839 311 870 tremae
344 839 447 870 notae
476 832 661 883 quispiam
688 832 857 869 notarius
885 832 1022 870 eadem
1051 832 1231 869 mercede
1252 831 1336 868 illos
1356 829 1628 867 describendos

186 894 412 944 susciperet)
445 906 569 943 neque
600 893 768 943 gloriolae
804 893 1024 943 cupiditate,
1056 893 1177 930 instar
1212 890 1405 929 Crocodili
1434 903 1474 928 se
1502 902 1631 940 perse-

187 962 349 1006 quentes
377 954 568 1005 fugientis,
599 954 791 1004 fugientes
822 954 1096 1005 persequentis,
1126 954 1195 991 sed
1222 952 1330 990 fatali
1356 952 1519 1003 quadam
1552 951 1631 989 sive

187 1016 428 1060 necessitate,
451 1016 529 1053 sive
550 1015 777 1060 calamitate,
798 1028 897 1065 pene
926 1015 1213 1053 consenuerim:
1240 1021 1279 1052 et
1297 1013 1361 1050 vix
1382 1012 1456 1050 hoc
1478 1013 1633 1049 demum

188 1091 288 1115 anno
307 1079 354 1115 ab
375 1076 601 1114 Atheniensi
623 1076 842 1126 Republica
861 1081 961 1126 (quae
989 1077 1203 1127 peculiares
1229 1075 1318 1112 olim
1339 1087 1467 1112 servos
1487 1073 1632 1118 habuit,

191 1151 285 1189 quos
317 1138 514 1188 δημοσίους
546 1137 750 1183 vocabant)
778 1137 882 1174 velut
909 1138 946 1173 in
980 1138 1195 1174 libertatem
1225 1143 1390 1173 assertus
1423 1134 1635 1171 existimari

188 1211 338 1248 queam.
394 1198 446 1235 Et
465 1196 615 1247 quidem
642 1197 749 1248 gravi
778 1198 987 1235 certamine
1008 1197 1226 1240 defunctus,
1247 1195 1390 1233 bellum
1412 1194 1563 1232 difficile
1589 1208 1635 1232 ac

191 1259 407 1296 diuturnum
438 1259 649 1296 confecisse
678 1257 768 1295 mihi
787 1258 935 1308 videor,
964 1258 1029 1308 qui
1052 1258 1368 1302 Demosthenem,
1400 1255 1635 1300 AEschinem,

192 1320 402 1371 Ulpianum
423 1320 648 1365 Rhetorem,
667 1327 904 1370 caeterosque
933 1319 990 1356 his
1017 1320 1218 1368 adjunctos
1245 1326 1410 1363 autores,
1430 1318 1481 1354 ita
1507 1330 1636 1355 emen-

194 1381 317 1426 datos,
340 1381 565 1426 declaratos,
586 1381 791 1418 illustratos
818 1388 857 1418 et
884 1387 1087 1418 exornatos
1107 1383 1304 1430 (quantum
1332 1379 1370 1416 in
1397 1391 1457 1415 me
1484 1378 1639 1428 quidem

191 1442 279 1491 fuit)
299 1442 552 1488 exhibuerim,
572 1448 615 1479 ut
642 1442 918 1480 obtrectatores
947 1449 1062 1492 atque
1091 1441 1236 1478 invidos
1264 1453 1368 1478 meos
1393 1439 1536 1477 hortari
1561 1452 1640 1476 non

195 1503 380 1549 dubitem,
401 1510 457 1549 ut,
479 1503 509 1541 si
527 1504 611 1541 haec
630 1516 716 1540 mea
734 1516 810 1540 non
825 1503 999 1553 probant,
1021 1502 1092 1553 ipsi
1120 1502 1321 1552 proferant
1340 1500 1508 1539 meliora.
1564 1499 1641 1541 Qui

195 1564 266 1602 etsi
284 1577 361 1601 non
379 1563 504 1614 pauci,
526 1577 652 1615 neque
672 1577 806 1614 parum
823 1564 972 1601 molesti
986 1563 1076 1600 mihi
1095 1563 1273 1600 fuerunt:
1294 1569 1434 1608 tamen,
1454 1561 1582 1598 sicum
1598 1561 1641 1598 iis

178 1632 480 1677 comparentur,
500 1626 564 1675 qui
591 1626 692 1663 bene
712 1626 761 1662 de
775 1639 836 1662 me
853 1625 1034 1669 sentiunt,
1055 1638 1191 1675 meque
1212 1631 1249 1661 et
1264 1637 1351 1662 mea
1369 1623 1644 1674 magnifaciunt

195 1693 235 1723 et
267 1693 407 1731 amant,
435 1686 563 1731 facile,
597 1693 640 1723 ut
669 1686 815 1737 opinor,
846 1686 1057 1737 apparebit,
1088 1694 1127 1723 et
1160 1689 1341 1733 maj0rem
1375 1692 1414 1722 et
1446 1684 1643 1721 meliorem

195 1755 343 1799 partem
364 1754 466 1784 stare
487 1760 509 1784 a
535 1747 667 1785 nobis:
703 1761 823 1798 eaque
849 1748 944 1785 inter
970 1748 1040 1785 hos
1069 1754 1108 1785 et
1136 1747 1219 1784 illos
1250 1747 1409 1784 exsistet
1435 1745 1644 1796 proportio,

196 1822 310 1860 quam
331 1808 433 1859 apud
453 1809 668 1846 Homerum
691 1810 960 1859 Agamemnon
982 1809 1235 1859 Trojanorum
1257 1815 1295 1846 et
1315 1808 1539 1845 Graecorum
1560 1820 1643 1844 esse

184 1870 380 1908 affirmat:
409 1877 464 1915 ut,
492 1870 523 1908 si
545 1870 674 1908 Graeci
693 1870 731 1907 in
752 1870 928 1908 decurias
945 1870 1205 1908 conviviorum
1224 1870 1501 1915 describantur,
1522 1875 1560 1906 et
1576 1868 1648 1906 sin-

198 1933 296 1983 gulis
323 1932 487 1970 decuriis
518 1933 655 1983 singuli
687 1933 844 1983 Trojani
873 1933 1032 1970 ministri
1060 1932 1309 1982 assignentur,
1337 1931 1553 1981 complures
1580 1930 1647 1967 de-

198 1994 314 2032 curiae
342 2001 500 2045 propter
527 1995 677 2032 illorum
708 1995 954 2045 paucitatem,
982 1994 1119 2032 horum
1150 1993 1440 2038 multitudinem,
1462 1992 1537 2030 sint
1563 1991 1647 2042 pin-

204 2068 320 2093 cerna
339 2055 523 2093 cariturae.
579 2055 721 2105 Neque
741 2055 807 2092 ulli
827 2069 972 2101 eorum,
993 2056 1054 2105 qui
1074 2068 1135 2092 me
1153 2054 1442 2105 reprehendunt
1461 2060 1500 2090 et
1515 2052 1647 2101 exagi-

202 2123 296 2162 tant,
325 2128 403 2152 non
422 2115 537 2153 modo
565 2115 659 2152 nihil
686 2116 899 2166 elegantius
920 2123 959 2154 et
979 2116 1227 2167 splendidius,
1250 2115 1320 2152 sed
1341 2115 1393 2165 (in
1414 2114 1551 2151 eodem
1569 2114 1651 2163 qui-

204 2178 292 2215 dem
312 2176 503 2214 scribendi
524 2180 681 2226 genere)
700 2176 792 2213 nihil
814 2190 967 2227 prorsus
980 2177 1077 2214 intra
1094 2176 1260 2227 quinque
1280 2183 1380 2213 totas
1400 2175 1649 2225 olympiadas,

203 2237 476 2288 longissimum,
506 2237 544 2273 in
563 2238 648 2274 vitae
679 2237 855 2275 humanae
879 2238 1078 2282 brevitate,
1108 2237 1292 2287 spacium,
1322 2236 1538 2273 ediderunt.
1594 2236 1651 2274 Ut

203 2299 319 2350 igitur
337 2299 390 2335 illi
410 2298 533 2335 verbis
561 2298 815 2348 asperioribus
843 2311 905 2335 me
935 2305 1117 2336 accusant
1151 2305 1188 2335 et
1214 2297 1440 2348 vituperant,
1467 2297 1520 2334 ita
1538 2297 1651 2334 factis

203 2360 280 2398 fide
308 2359 541 2410 dignioribus
571 2366 610 2397 et
636 2359 837 2396 absolvunt
862 2365 901 2396 et
929 2359 1098 2404 laudant,
1127 2366 1165 2396 et
1190 2358 1345 2409 publice
1365 2358 1473 2408 quasi
1501 2358 1655 2408 procla-

205 2429 325 2468 mant,
345 2421 422 2459 suis
441 2421 636 2458 calumniis
655 2433 731 2458 non
749 2420 967 2458 habendam
991 2433 1074 2458 esse
1093 2420 1222 2465 fidem,
1250 2432 1376 2470 neque
1397 2418 1655 2456 condemnan-

206 2484 296 2521 dum
315 2490 381 2521 aut
406 2482 734 2521 contemnendum
763 2494 847 2519 esse
868 2494 1097 2532 quenquam,
1122 2481 1193 2518 nisi
1218 2493 1335 2517 causa
1362 2480 1587 2530 percognita
1615 2487 1653 2516 et

207 2545 298 2583 satis
326 2544 538 2594 explorata.
593 2543 753 2581 Interim
772 2555 865 2580 vero
895 2556 956 2580 me
985 2555 1052 2593 per
1080 2555 1198 2580 annos
1220 2542 1436 2592 complures
1464 2542 1539 2579 hoc
1560 2554 1653 2591 opus

208 2607 261 2645 ita
276 2612 410 2644 noctes
430 2604 587 2655 diesque
607 2604 824 2655 occupavit,
845 2610 887 2641 ut
904 2617 981 2640 non
998 2604 1116 2640 multo
1136 2603 1349 2641 suaviorem
1362 2603 1477 2640 vitam
1495 2603 1651 2652 egerim,

209 2681 324 2719 quam
359 2667 398 2711 ii,
433 2679 527 2717 quos
561 2666 771 2718 Dionysius
801 2673 982 2717 tyrannus
1018 2665 1056 2702 in
1086 2664 1282 2703 Latomias
1316 2665 1563 2713 conjiciebat:
1602 2664 1655 2701 ita

211 2737 317 2767 certe
336 2727 491 2779 quidem
512 2726 748 2777 defatigavit,
769 2734 823 2772 ut,
841 2727 903 2777 qui
925 2726 1028 2773 mihi,
1043 2733 1131 2777 post
1147 2738 1331 2764 annorum
1350 2739 1400 2763 XL
1419 2725 1654 2770 servitutem,

211 2789 329 2827 otium
357 2788 563 2834 mediocre,
583 2788 689 2839 quod
713 2795 841 2826 vestra
868 2788 1129 2826 munificentia
1159 2787 1250 2825 mihi
1281 2787 1388 2832 fecit,
1417 2788 1656 2835 honestoque

215 2849 401 2900 stipendio
422 2848 592 2895 decreto,
620 2849 706 2887 haec
732 2848 950 2887 elaborandi
978 2856 1208 2901 potestatem
1235 2856 1275 2888 et
1294 2849 1512 2886 facultatem
1535 2846 1654 2891 dedit,

215 2911 401 2958 inviderit,
420 2924 552 2951 omnes
579 2924 620 2950 se
649 2911 790 2958 Zoilos,
820 2925 954 2951 omnes
975 2912 1144 2958 Momos,
1165 2911 1432 2951 maledicentia
1459 2917 1496 2946 et
1527 2909 1655 2945 obtre-
