1824 3171
146 106 194 143 1νί
577 105 904 143 HIERONYMI
935 103 1136 144 WOLFII

145 204 333 244 zantinam
353 219 474 245 meam
501 207 693 245 historiam
713 220 760 246 ne
783 207 1003 259 Byzantinoe
1022 205 1174 257 quidem
1194 203 1433 242 bibliothecae
1453 204 1582 242 exclu'-

143 275 295 305 serunt:
324 269 394 306 sed
416 272 494 316 jam
522 270 675 306 tandem
696 270 799 306 velut
827 269 875 306 ab
902 268 1014 305 exilio
1043 274 1277 311 revocatam,
1305 265 1514 303 honorifice
1541 272 1580 302 et

145 335 316 365 amanter
331 337 592 379 susceperunt.
650 329 806 366 Sextum
820 332 899 376 jam
916 328 1106 365 Isocrates
1128 340 1213 364 cum
1231 327 1327 364 meis
1349 332 1579 364 commenta-

146 388 208 426 riis
228 390 298 426 sub
319 390 435 439 praelo
456 397 525 427 est.
582 391 647 426 An
675 397 717 425 tu
737 402 885 433 censes,
907 388 966 425 vel
987 388 1259 438 typographos,
1280 386 1339 423 vel
1355 387 1579 437 bibliopolas

144 449 180 486 in
202 457 259 487 tot
278 450 393 487 millia
412 451 585 487 codicum
599 451 765 487 laborem
788 457 826 486 et
841 449 1043 499 pecuniam
1064 448 1248 491 conferre,
1266 454 1304 484 ut
1320 447 1444 484 oleum
1465 456 1581 498 atque

145 523 299 561 operam
319 511 508 561 perdant?
537 511 631 552 Quis
651 511 904 547 studiosorum
925 516 963 546 et
984 509 1265 558 ingeniosorum
1283 508 1478 544 hominum
1497 515 1581 545 tan-

144 578 221 608 tam
241 571 494 620 frequentiam
514 571 566 608 ita
584 571 743 608 insanire
765 571 905 614 credat,
928 578 968 606 ut
989 583 1054 606 eos
1073 569 1191 606 libros
1211 576 1288 606 tam
1305 569 1415 606 avide
1436 570 1579 619 legant,

144 645 303 682 quorum
328 632 493 669 lectione
514 645 589 669 non
610 639 674 668 aut
699 631 889 678 meliores,
916 638 981 667 aut
1009 630 1212 674 doctiores,
1233 637 1298 666 aut
1317 630 1523 679 paratiores
1543 637 1581 668 et

143 693 192 730 ad
213 700 316 730 recte
336 693 587 735 sentiendum,
611 700 648 730 et
668 692 715 729 ad
736 694 834 729 bene
854 690 1068 735 vivendum,
1090 698 1129 727 et
1149 690 1198 727 ad
1224 697 1356 727 ornate
1378 690 1583 728 dleendum

144 753 338 791 evadant?
368 753 504 804 Neque
520 767 610 791 vero
631 767 695 791 eas
712 753 800 790 mihi
817 753 997 790 utilitates
1018 759 1195 801 acceptas
1216 751 1349 789 referri
1368 752 1466 788 volo.
1504 752 1582 789 Ab·

143 815 190 852 sit
217 814 472 851 Thrasonicus
504 815 571 851 iste
602 815 670 860 sal,
691 822 733 851 ut
765 827 905 864 magno
934 813 1057 850 alieno
1085 813 1217 850 labore
1245 820 1393 863 partam
1423 813 1581 863 gloriam

143 876 266 913 verbis
296 876 332 912 in
362 888 421 912 me
451 883 741 913 transmoveam.
797 875 895 925 Ipsis
923 874 1114 911 autoribus
1147 887 1194 911 ea
1222 874 1303 911 laus
1324 874 1499 919 debetur,
1520 874 1583 924 qui

147 936 214 973 sibi
236 948 418 972 summam
440 935 654 985 eloquentis
682 935 877 984 sapientiae
907 941 945 971 et
971 934 1149 984 sapientis
1169 934 1401 984 eloquentiae
1430 934 1584 971 laudem

145 1010 212 1047 per
230 1003 287 1033 tot
307 999 386 1044 jam
407 997 538 1033 secula
557 996 820 1033 vendicarunt.
876 995 978 1032 Illud
994 1003 1120 1032 tamen
1140 994 1306 1044 ingenue
1328 995 1475 1045 plurimi
1493 1008 1584 1032 con-

144 1057 308 1102 fitentur,
338 1070 378 1094 se
408 1056 550 1094 Graeca
582 1057 662 1094 sine
690 1056 1005 1106 interpretatione
1034 1069 1119 1093 mea
1148 1056 1311 1092 lecturos
1344 1055 1460 1092 fuisse
1488 1069 1584 1092 nun-

145 1131 269 1169 quam.
326 1118 390 1154 Ab
412 1117 452 1154 iis
484 1118 596 1167 igitur
624 1118 663 1154 id
685 1124 914 1154 consecutus
931 1126 1028 1162 sum,
1057 1116 1159 1167 quod
1185 1116 1308 1153 volui:
1338 1129 1428 1153 rana
1448 1117 1582 1153 bovem

146 1179 449 1223 intumescendo,
471 1191 585 1215 anser
604 1178 747 1216 olorem
768 1179 1040 1228 obstrependo,
1062 1190 1211 1227 aequare
1230 1189 1422 1228 nunquam
1444 1177 1583 1221 studui,

145 1253 323 1291 superare
340 1241 459 1276 multo
479 1240 612 1277 minus.
669 1239 758 1276 Non
775 1240 952 1289 equidem
972 1239 1037 1276 tali
1059 1251 1118 1275 me
1139 1238 1276 1288 dignor
1294 1238 1452 1275 honore.
1496 1238 1586 1275 For-

146 1310 244 1338 tasse
264 1301 476 1338 Leontinos
497 1300 679 1350 quosdam
700 1307 738 1337 et
759 1300 922 1337 Vulcani
951 1301 999 1337 de
1020 1299 1134 1349 stirpe
1163 1306 1278 1343 satos,
1301 1305 1338 1336 et
1362 1298 1454 1336 alios
1474 1298 1586 1335 semi-

147 1363 239 1399 deos
259 1369 371 1413 atque
391 1363 540 1406 heroas,
560 1369 669 1399 natos
690 1361 839 1399 scilicet
867 1361 1082 1398 melioribus
1111 1360 1230 1404 annis,
1252 1359 1311 1397 isti
1340 1367 1496 1397 manent
1525 1360 1588 1396 tri-

147 1423 290 1474 umphi.
346 1423 430 1461 Etsi
452 1423 627 1473 profecto
642 1436 782 1473 pugnae
801 1423 983 1460 hactenus
1000 1423 1047 1459 ab
1068 1421 1139 1458 illis
1159 1421 1402 1471 depugnatae‚
1422 1420 1498 1458 hoe
1517 1428 1587 1465 est,

147 1485 393 1523 oratiunculae
414 1483 587 1534 quaedam
607 1485 654 1521 ab
676 1483 753 1521 istis
775 1484 970 1522 Ciceronis
987 1482 1176 1533 germanis
1195 1494 1327 1526 versae,
1344 1494 1391 1519 ne
1410 1482 1588 1521 ovatione

145 1546 297 1596 quidem
323 1545 413 1582 mihi
433 1545 560 1594 dignae
580 1545 765 1582 videntur.
822 1545 926 1587 Quid
946 1545 1047 1582 enim
1075 1544 1111 1580 in
1131 1542 1210 1580 istis
1228 1550 1294 1580 aut
1317 1542 1504 1580 Cicerone
1524 1550 1589 1580 aut

147 1607 413 1644 Demosthene
426 1607 582 1656 dignum
603 1614 772 1658 apparet,
793 1614 934 1658 praeter
953 1606 1052 1643 male
1072 1612 1233 1643 consuta
1252 1604 1426 1655 quaedam
1446 1605 1587 1642 emble-

145 1674 258 1712 mata,
279 1681 323 1705 ac
342 1675 524 1706 centones
551 1668 705 1718 potius?
735 1668 895 1710 Quoties
921 1680 943 1704 a
963 1666 1158 1704 sententiis
1184 1665 1344 1703 oratoris
1373 1672 1455 1702 toto
1477 1665 1585 1709 coelo,

147 1731 250 1781 quod
270 1731 389 1774 aiunt,
417 1730 621 1768 aberrant?
650 1730 726 1772 Qui
745 1729 896 1780 quidem
917 1728 1089 1766 inanibus
1109 1727 1185 1764 istis
1205 1726 1480 1774 jactationibus
1501 1739 1587 1763 cum

146 1792 275 1842 primis
295 1791 476 1836 efficiunt,
496 1799 538 1828 ut
567 1791 639 1828 mei
668 1791 808 1828 laboris
835 1804 897 1828 me
922 1792 1001 1839 jam
1031 1789 1151 1826 minus
1171 1788 1373 1837 minusque
1392 1788 1588 1838 poeniteat.

149 1853 236 1890 Nec
254 1852 354 1889 enim
374 1852 433 1888 isti
449 1865 508 1889 me
523 1853 572 1889 de
588 1851 709 1903 gradu
725 1852 971 1900 dejecerunt:
992 1850 1061 1887 sed
1078 1850 1168 1886 dum
1188 1849 1311 1892 altius,
1325 1861 1438 1897 quam
1456 1861 1588 1886 eorum

149 1921 284 1951 natura
305 1920 343 1950 et
362 1912 496 1962 genius
515 1913 602 1957 fert,
619 1926 822 1963 assurgere
843 1911 968 1951 conati
988 1918 1086 1954 sunt,
1109 1910 1208 1947 ultro
1237 1910 1416 1959 prostrati
1437 1923 1588 1947 corrue-

148 1982 249 2022 runt,
278 1987 394 2011 onere
419 1981 613 2024 suscepto,
643 1975 744 2024 quod
772 1974 904 2011 infirmi
933 1985 1064 2011 eorum
1092 1970 1238 2007 humeri
1267 1970 1453 2008 sustinere
1481 1971 1587 2009 nullo

148 2036 263 2073 modo
283 2042 500 2086 potuerunt.
558 2034 636 2072 Sed
664 2034 694 2071 si
722 2035 805 2084 quis
833 2033 1038 2077 Hercules,
1058 2038 1123 2068 aut
1145 2030 1255 2068 Atlas
1282 2030 1423 2080 potius,
1444 2031 1589 2070 Demo-

148 2096 323 2134 sthenem
352 2096 515 2133 Romam
543 2095 729 2146 perlatum
758 2094 912 2131 tandem
933 2092 1136 2143 aliquando
1157 2091 1194 2128 in
1223 2091 1352 2128 rostris
1381 2092 1588 2137 collocarit,

150 2164 384 2207 quantopere
406 2169 481 2192 non
502 2157 614 2193 modo
635 2155 856 2199 Quiritibus,
877 2155 946 2192 sed
962 2161 1000 2191 et
1021 2152 1192 2190 Feretrio
1213 2151 1271 2188 isti
1291 2151 1379 2188 Jovi
1398 2151 1475 2202 ipse
1495 2152 1592 2190 inter

150 2219 290 2270 primos
311 2217 633 2268 congratulabor?
664 2216 822 2253 Interim
844 2228 916 2265 ego
932 2227 1057 2252 meum
1076 2226 1210 2251 saxum
1231 2225 1353 2258 verso,
1370 2213 1473 2263 quod

445 2297 472 2325 Ο
490 2295 600 2325 utinam
617 2295 736 2324 tandem
749 2296 810 2333 jam
828 2303 941 2323 summo
958 2293 1073 2322 vertice
1091 2292 1201 2321 montis

446 2346 610 2381 Consistat,
626 2346 801 2384 lassumque
816 2345 894 2374 sinat
910 2344 1044 2382 requiete
1062 2343 1163 2382 potiri.

153 2416 228 2454 Sed
249 2416 471 2452 aemulorum
491 2413 666 2463 iniquitas
687 2412 826 2456 effecit,
855 2419 896 2448 ut
925 2418 963 2448 et
992 2411 1141 2461 longius
1171 2412 1218 2449 ab
1238 2412 1405 2449 instituto
1431 2412 1584 2448 aberra-

153 2491 244 2521 rem,
262 2484 300 2513 et
314 2483 446 2514 contra
463 2475 657 2524 ingenium
678 2481 716 2510 et
736 2472 1048 2510 consuetudinem
1069 2485 1190 2509 meam
1211 2473 1351 2522 aliquid
1370 2472 1587 2510 iracundius

154 2546 191 2576 et
212 2537 450 2587 arrogantius
471 2536 518 2572 de
539 2548 598 2572 me
616 2534 693 2585 ipse
715 2534 893 2571 dicerem.
924 2533 989 2570 Ad
1005 2541 1042 2569 te
1059 2533 1174 2582 igitur
1189 2546 1292 2571 nunc
1312 2533 1442 2577 redeo,
1460 2533 1588 2576 frater,

151 2606 190 2636 et
210 2612 229 2635 a
253 2606 289 2635 te
319 2604 421 2647 peto,
443 2604 485 2633 ut
504 2595 671 2632 libellum
691 2595 802 2638 hunc,
824 2607 900 2631 non
929 2594 1043 2630 modo
1065 2594 1354 2631 necessitudinis
1376 2600 1527 2637 nostrae,
1553 2601 1591 2629 et

150 2661 197 2697 ab
219 2660 299 2708 ipsa
324 2665 456 2694 natura
481 2656 674 2700 institutae,
704 2663 742 2692 et
771 2655 904 2692 iisdem
933 2654 1067 2692 studiis
1098 2654 1344 2699 confirmatae,
1374 2654 1511 2704 pignus
1543 2666 1588 2690 ac

151 2727 435 2759 monumentum
461 2730 544 2755 esse
565 2717 669 2761 velis,
691 2717 756 2754 sed
788 2729 985 2754 censorem
1016 2716 1128 2754 etiam
1159 2728 1263 2765 agas,
1285 2723 1464 2764 tuumque
1488 2715 1590 2762 judi-

151 2783 251 2821 cium
281 2781 512 2830 interponas.
570 2777 806 2815 Existimatio
827 2778 927 2814 enim
957 2784 1021 2814 tua
1041 2789 1145 2826 aeque
1168 2789 1214 2814 ac
1243 2789 1328 2813 mea
1356 2775 1416 2812 hic
1449 2776 1588 2826 agitur.

152 2843 249 2881 Num
279 2854 366 2879 cum
393 2840 457 2878 tibi
486 2839 702 2890 conjugium
732 2839 865 2876 filiolas
896 2845 1040 2876 tantum
1072 2838 1284 2876 incolumes
1312 2837 1472 2882 donarit,
1501 2837 1589 2874 mihi
