1824 3171
599 183 680 222 AD
711 184 1176 223 DEMOSTHENEM.
1526 184 1614 223 cxix

160 287 334 330 Contents
351 288 398 341 <ff
411 288 470 326 the
493 286 537 326 V.
560 287 682 334 Tome,
708 288 885 327 editionis
905 295 1011 340 puta,
1032 289 1081 326 ab
1109 287 1192 339 ipso
1219 286 1417 324 instituta).
1436 300 1549 338 quem
1571 287 1618 325 ti-

157 353 277 390 tulum
301 353 378 402 jam
408 363 523 401 supra
553 350 678 387 retuli.
699 357 779 387 tum
808 350 941 388 titulus
972 348 1113 388 Period
1143 349 1188 386 of
1211 348 1380 386 LXXX.
1412 361 1534 399 years.
1553 348 1618 386 ubi

158 427 258 466 pene
278 412 369 450 nihil
389 412 470 462 egit
486 411 604 457 aliud,
621 425 735 462 quam
752 419 794 449 ut
807 412 962 450 nomina
982 412 1119 450 ederet
1138 418 1349 456 auctorum,
1362 410 1425 460 qui
1441 423 1500 447 res
1514 410 1618 447 aetati

159 474 325 526 Philippi
345 481 385 512 et
404 474 682 512 Demosthenis
703 475 872 525 aequales
888 482 927 512 et
946 487 1131 526 suppares
1151 473 1345 511 literarum
1364 472 1619 509 monumentis

157 536 445 586 consignarunt.
473 536 595 574 multo
625 536 788 587 plurima
808 536 856 574 de
877 536 1134 588 Theopompo
1164 535 1336 585 collegit,
1364 534 1549 586 pauciora
1569 534 1618 571 de

158 596 367 643 Clitarcho‚
399 598 575 649 Marsya,
604 597 752 649 Diyllo,
784 597 951 644 Duride,
981 612 1044 636 one
1072 599 1159 635 book
1183 598 1221 634 in
1240 597 1427 634 Diodorus
1452 596 1621 645 assigned

143 659 216 709 for
235 660 306 696 this
321 673 488 709 purpose,
509 660 648 711 Satyro
666 659 941 711 Peripatetico,
959 659 1181 697 Philochori
1198 658 1349 701 Atticis,
1369 657 1619 703 Callisthene,

157 720 328 771 Ephoro.
348 721 530 759 indicavit
548 728 728 759 auctores
748 734 772 759 a
787 721 1003 759 Scholiasta
1017 722 1067 759 ad
1084 720 1305 758 AEschinem
1324 719 1515 764 laudatos,
1537 726 1617 755 turn

153 782 259 820 locos
282 783 426 829 Suidae,
447 783 512 821 ubi
539 783 588 821 de
608 783 686 821 vita
712 783 989 822 Demosthenis
1008 783 1186 834 quaedam
1212 782 1436 820 afferuntur.
1467 795 1503 832 p.
1523 782 1617 821 770.

156 849 224 881 two
246 845 384 882 French
410 845 518 882 Lives
538 846 586 897 of
607 845 729 894 Philip
750 845 796 896 <ff
816 845 1009 883 ,Macedom
1068 844 1231 883 Charles
1258 844 1306 881 de
1334 843 1507 880 l'Ecluse
1528 841 1618 879 Life

155 906 201 944 of
213 906 335 957 Philip
353 907 539 945 Toureill.
569 906 714 946 Rollin.
728 906 1003 945 L'Education
1019 907 1067 944 de
1083 906 1271 958 Philippe.
1302 905 1454 943 Pletho.
1472 918 1510 955 p.
1527 906 1618 944 771.

156 968 370 1020 Scriptores
389 969 478 1007 vitae
499 969 790 1008 Demosthenis.
847 969 1080 1008 Plutarchus
1099 969 1137 1006 in
1163 969 1241 1006 vita
1261 968 1377 1005 Dem.
1399 975 1438 1004 et
1464 967 1505 1004 in
1533 966 1619 1004 vitis

155 1043 179 1067 ῖς
209 1039 414 1068 oratorum.
445 1031 612 1083 Dionys.
644 1031 778 1069 Halic.
809 1030 996 1069 Libanius
1025 1032 1075 1069 ad
1107 1030 1317 1070 Montium.
1358 1029 1542 1067 Libanius
1569 1029 1619 1066 de

156 1091 420 1130 Demosthene
443 1093 533 1131 MS.
565 1093 732 1144 Collegii
753 1093 836 1132 Caii
857 1093 1082 1143 Cantabrig.
1109 1092 1261 1131 Libanii
1283 1091 1472 1142 Apologia
1500 1091 1619 1129 Dem-

155 1153 325 1204 Sophist.
353 1154 513 1192 Photius
528 1155 567 1191 in
586 1155 672 1192 vitis
692 1168 727 1192 x.
749 1162 958 1193 oratorum.
1016 1154 1192 1192 Zosimus
1212 1161 1252 1191 et
1273 1155 1503 1205 Anonymus
1523 1166 1545 1190 e
1565 1153 1622 1190 bi-

154 1215 351 1254 bliotheca
377 1216 481 1267 regis
512 1216 825 1255 Christianissimi
852 1230 888 1254 v.
919 1217 1033 1254 Fabr.
1054 1217 1100 1254 B.
1121 1216 1172 1254 G.
1195 1215 1242 1253 T.
1267 1215 1345 1252 III.
1373 1229 1412 1266 p.
1435 1218 1496 1254 15.
1542 1214 1622 1251 Lu-

155 1277 302 1316 cianus.
326 1277 464 1316 Suidas
483 1285 557 1316 ter.
588 1278 780 1317 Eudocia.
811 1279 1009 1317 Fabricius
1031 1278 1078 1316 B.
1101 1278 1170 1317 Gr.
1201 1277 1405 1328 Ulpianus.
1426 1292 1462 1316 v.
1487 1276 1619 1315 Schol.

156 1339 206 1377 ad
227 1338 394 1379 Timocr.
414 1354 452 1378 n.
473 1343 569 1379 213.
599 1340 660 1379 ed.
692 1341 825 1379 Lutet.
859 1340 1012 1379 Schotti
1040 1340 1129 1378 vitae
1152 1339 1374 1377 Aristotelis
1404 1346 1443 1377 et
1471 1339 1621 1377 Demo-

155 1401 300 1440 sthenis
321 1411 554 1454 comparatae
577 1404 682 1454 Aug.
710 1403 865 1442 Vindel.
890 1406 1006 1442 1603.
1028 1406 1067 1442 4.
1127 1401 1199 1439 Οἷά
1216 1402 1326 1439 Lites
1355 1401 1404 1453 of
1422 1401 1529 1441 Dem.
1556 1415 1620 1451 pe-

156 1465 265 1502 rusecl
288 1465 330 1514 by
351 1466 507 1515 Dionys.
528 1466 653 1503 Halic.
673 1465 778 1517 from
798 1466 936 1503 whence
966 1466 1007 1502 lze
1026 1465 1197 1513 compilet]
1219 1465 1272 1501 his
1293 1463 1391 1515 Lg'fe.
1438 1463 1549 1501 Idem
1570 1463 1621 1501 ad

161 1527 392 1566 Ammaeum.
432 1527 616 1566 Leonard
637 1528 768 1566 Bruno
791 1528 990 1566 Aretinus.
1032 1526 1186 1564 Brodaei
1207 1526 1380 1564 Miscell.
1402 1526 1473 1563 IV.
1493 1529 1558 1565 26.
1581 1527 1620 1564 A

159 1601 195 1639 p.
211 1590 303 1630 775.
318 1589 367 1627 ad
383 1603 419 1640 p.
439 1593 530 1629 945.
552 1589 754 1628 contexuit
766 1589 883 1627 vitam
900 1588 1191 1633 Demosthenis,
1209 1601 1322 1638 quam
1336 1588 1524 1626 verbatim
1536 1588 1624 1625 red-

160 1651 262 1695 dam,
282 1651 435 1689 tametsi
455 1652 577 1689 multa
591 1652 674 1701 jam
695 1665 717 1689 a
738 1651 898 1689 Schotto
926 1659 966 1689 et
995 1651 1076 1688 aliis
1103 1651 1245 1688 tradita
1273 1658 1363 1688 sunt
1394 1650 1550 1694 eadem3
1581 1657 1625 1688 ut

159 1711 388 1749 calumniam
410 1725 603 1763 occupem
624 1712 878 1763 querentium,
902 1724 964 1749 me
984 1724 1094 1762 paene
1115 1711 1207 1748 nihil
1226 1723 1336 1748 usum
1364 1723 1450 1748 esse
1470 1710 1624 1749 schedis

160 1772 331 1824 Taylori,
359 1773 398 1810 in
417 1774 553 1824 quibus
583 1774 762 1825 profecto
782 1787 860 1811 non
881 1773 1041 1810 multum
1062 1773 1200 1824 reperi,
1222 1773 1326 1824 quod
1342 1773 1500 1824 dignum
1522 1779 1625 1811 esset

158 1834 233 1872 edi.
294 1834 359 1873 Sic
380 1848 473 1886 ergo
493 1836 612 1874 habet
631 1836 698 1874 illa
717 1835 996 1877 Demosthenis
1018 1835 1108 1872 Vita
1127 1849 1149 1873 a
1171 1835 1340 1886 Tayloro
1361 1835 1541 1874 collecta.

184 1892 187 1893 ⁷
215 1900 251 1935 1.
282 1896 466 1935 Nascitur
496 1898 652 1950 Olymp.
674 1902 739 1938 99.
769 1902 808 1937 4.
867 1898 1016 1935 Praetor
1041 1897 1312 1949 Demophilus.
1344 1897 1555 1949 Dionysius
1575 1897 1624 1936 ad

161 1958 394 1998 Ammaeum.
421 1959 608 1999 Zosimus.
639 1960 728 1997 vitae
761 1959 925 1998 Schotti.
958 1959 1115 2012 Olymp.
1137 1959 1201 1999 98.
1223 1964 1262 1998 4.
1293 1960 1492 1998 Plutarch.
1512 1960 1549 1997 in
1571 1959 1623 1999 X.

160 2020 388 2058 oratoribus.
418 2021 480 2059 lta
498 2021 580 2059 fere
602 2022 763 2060 Photius
783 2022 820 2058 in
844 2021 1100 2059 Bibliotheca.
1130 2021 1345 2059 Palmerius
1365 2035 1452 2059 cuin
1478 2021 1622 2059 Petito.

162 2083 282 2120 Hunc
303 2083 492 2120 calculum
510 2084 686 2122 defendit
706 2084 856 2122 Petitus
877 2085 926 2122 ad
947 2084 1079 2134 Leges
1094 2084 1244 2121 Atticas
1263 2098 1299 2134 p.
1320 2088 1412 2123 266.
1429 2085 1491 2122 ed.
1508 2085 1624 2122 &Ves-

159 2145 228 2182 Sel.
257 2145 496 2196 Δημοσθένης
517 2146 535 2182 ὁ
555 2147 674 2197 ῥήτωρ
703 2146 867 2195 ἐγενὴἓη
888 2151 992 2197 τρίτῳ
1011 2145 1082 2183 ἔτει
1102 2147 1175 2197 μετ’
1193 2147 1471 2198 Ἀριστοτέλην.
1491 2148 1623 2185 Anon.

162 2207 330 2244 Recens.
354 2206 511 2258 Olymp.
538 2208 702 2256 ἐγενήθη
732 2208 801 2246 ἔτει
830 2210 1003 2258 πρότερον
1031 2218 1096 2254 τῆς
1123 2209 1323 2254 ἑκατοστῆς
1351 2208 1624 2259 Ὀλυμπιάέος.

160 2268 326 2319 Dionys.
349 2268 479 2306 Halic.
503 2269 554 2306 ad
574 2269 804 2307 Ammaeum.
838 2270 901 2307 Ita
921 2270 1036 2307 etiam
1060 2269 1236 2320 Sigonius
1257 2269 1305 2307 de
1326 2270 1625 2308 Atheniensium

160 2331 412 2381 temporibus.
433 2343 470 2367 v.
490 2330 640 2368 Mem—s.
660 2331 776 2369 Lect.
806 2332 894 2368 Att.
916 2332 993 2368 ΙΙΙ.
1013 2335 1077 2370 25.
1135 2331 1218 2369 Nos
1238 2332 1288 2369 ad
1316 2332 1528 2370 orationem
1551 2333 1626 2370 Mi-

160 2392 327 2430 dianam.
349 2391 507 2443 Olymp.
527 2395 592 2431 98.
619 2396 658 2431 4.
682 2392 813 2430 Schol.
843 2393 934 2445 Ulp.
954 2397 1018 2433 99.
1038 2398 1076 2431 4«.
1097 2407 1131 2431 v.
1151 2408 1190 2444 p.
1207 2396 1296 2435 347.
1319 2394 1382 2432 ed.
1404 2394 1524 2432 Paris.
1546 2395 1627 2433 Mi·-

158 2453 270 2492 diana
293 2457 353 2492 15.
375 2467 494 2491 annos
523 2461 609 2505 post
632 2454 849 2493 Stratonem
878 2463 918 2493 et
946 2463 1104 2493 tutores.
1134 2456 1253 2506 Ergo.
1313 2456 1464 2494 Thema
1494 2457 1626 2495 natali-

159 2516 259 2555 cium
289 2516 566 2554 Demosthenis
587 2517 776 2555 Firmicus
797 2518 829 2556 Ι.
849 2521 888 2557 6.
933 2517 1234 2563 Demosthenes,
1256 2518 1319 2569 qui
1343 2519 1483 2556 abhinc
1504 2533 1624 2558 annos

158 2591 282 2629 prope
303 2576 520 2616 tercentum
538 2578 623 2616 fuit.
656 2578 797 2617 Cicero
818 2580 868 2616 de
889 2579 1020 2617 Divin.
1045 2579 1096 2617 ΙΙ.
1118 2583 1210 2618 280.
1239 2579 1347 2617 annis
1369 2588 1460 2617 ante
1490 2594 1623 2618 exces-

159 2652 243 2677 sum
265 2639 465 2678 Ciceronis
495 2639 589 2677 obiit
609 2640 909 2679 Demosthenes.
951 2641 1117 2692 Dionys.
1149 2641 1281 2679 Halic.
1303 2641 1426 2692 Epist.
1457 2643 1506 2679 ad
1528 2644 1625 2680 Am-

158 2713 313 2747 maeum,
326 2701 387 2739 vel
403 2701 572 2739 nascitur
592 2710 680 2740 ante
693 2710 838 2741 natum.
860 2703 965 2754 quod
979 2703 1141 2754 perinde
1158 2703 1243 2741 erit.
1262 2702 1313 2754 [si
1331 2717 1471 2754 nempe
1486 2712 1625 2742 neuter

159 2771 311 2802 aetatem
339 2765 440 2802 ultra
472 2778 614 2802 annum
644 2766 926 2817 sexagesimum
957 2765 1175 2818 produxit]
1218 2766 1378 2817 Ulysses
1406 2774 1445 2804 et
1465 2767 1622 2812 Nestor,

162 2838 324 2876 quorum
344 2834 438 2864 aetas
459 2827 563 2864 mille
582 2827 664 2865 fere
685 2835 724 2866 et
744 2828 917 2866 ducentis
946 2829 1053 2866 annis
1082 2829 1253 2866 seculum
1274 2836 1448 2866 nostrum
1469 2837 1622 2867 antece-

161 2886 228 2925 dit.
258 2888 336 2926 Vos
355 2895 484 2926 autem
504 2889 815 2928 Demosthenem
846 2898 884 2927 et
909 2890 1155 2942 Hyperidem
1185 2890 1395 2941 percipitis,
1417 2904 1512 2941 quos
1532 2891 1623 2929 satis

162 2955 312 2986 constat
341 2950 507 3002 Philippi
535 2958 572 2989 et
598 2952 813 2991 Alexandri,
845 2953 1082 3004 temporibus
1110 2953 1301 2997 floruisse,
1337 2952 1389 2989 ita
1419 2961 1548 2990 tamen
1580 2961 1622 2990 ut
