1824 3171
181 98 296 138 cxviii
497 101 569 140 10.
601 101 847 142 TAYLORI
879 103 1319 143 PROLEGOMENA

234 201 329 240 Two
343 202 473 253 copies
494 204 539 242 of
555 205 852 245 Demosthenes.
871 207 959 246 vide
977 207 1060 246 Nos
1076 208 1307 260 saepiuscule
1326 206 1376 245 ad
1396 205 1490 244 edit.
1514 205 1651 245 Parisr

181 262 361 301 Lambini
388 264 427 301 in
452 265 585 304 ultimo
606 273 723 306 torno.
780 268 928 307 Contra
949 269 1108 319 Aphob.
1131 270 1160 308 I.
1181 283 1218 307 n.
1242 272 1304 309 15.
1335 271 1387 312 εἷς
1407 267 1638 316 ὀγδοήκοντα

182 331 287 374 μνῶν
309 326 405 370 ἄξια.
462 327 550 365 One
576 331 630 371 εἷς
654 345 693 366 π.
712 335 824 379 μνᾶς,
844 330 1006 367 another
1027 346 1067 367 π.
1098 337 1214 381 μνῶν.
1241 347 1284 368 π.
1303 347 1467 380 παραπρ.
1485 343 1524 366 n.
1545 331 1639 368 298.

182 387 329 441 ἀρχαία
350 393 388 424 et
407 386 573 438 ὂημώὲης
594 405 628 427 ν.
648 407 687 427 π.
707 405 872 440 παραπρ.
893 404 933 429 n.
950 394 1043 430 4⁴15.
1070 394 1092 437 ἡ
1111 393 1270 443 ἀρχαία.
1293 409 1357 443 σχ.
1384 392 1482 429 Mid.
1506 393 1594 429 168.
1615 391 1637 434 ἡ

182 446 362 497 δημώδης.
383 465 447 500 σχ.
477 449 578 488 Mid.
609 453 701 490 246.
757 451 902 497 Editio,
931 465 1018 502 quae
1045 452 1192 502 ultima,
1213 465 1263 491 ex
1284 453 1382 491 binis
1403 452 1570 492 conflata
1590 451 1638 488 C.

182 507 340 558 Aphob.
356 509 388 546 I.
406 522 442 546 n.
461 513 521 548 14.
541 514 604 550 15.
624 524 659 550 c.
681 512 842 563 Aphob.
861 512 1080 564 ψευδομάρτ.
1100 527 1139 552 n.
1159 517 1220 552 11.
1237 527 1271 552 c.
1287 515 1450 552 Onetor.
1468 513 1498 552 I.
1518 515 1636 550 n.11.

183 569 317 609 Schol.
340 570 503 621 Olynth.
523 575 561 610 2.
582 586 621 611 n.
641 577 707 612 24.
723 575 772 613 de
793 587 934 613 corona
952 588 988 626 p.
1012 578 1100 614 139.
1123 575 1186 613 ed.
1208 577 1330 614 Paris.
1352 584 1392 614 et
1411 590 1448 627 p.
1472 579 1561 614 145.
1581 574 1635 612 N.

183 633 274 669 108.
295 639 335 669 et
367 635 455 671 109.
476 632 582 671 locus
601 635 834 685 spectabilis.
892 636 984 673 And
1017 649 1060 674 so
1079 649 1137 674 we
1164 649 1272 675 came
1298 639 1351 688 by
1371 645 1446 675 two
1473 643 1571 674 sorts
1597 634 1643 673 of

181 691 351 731 Scholia.
410 693 492 731 Nos
512 695 562 732 ad
581 695 794 734 Midianam
814 710 852 734 n.
870 700 962 737 268.
980 697 1040 735 ed.
1061 698 1182 736 Paris.
1206 699 1262 751 [v.
1284 712 1399 750 supra
1415 713 1453 749 p.
1473 695 1588 747 709.]

234 754 334 792 Adv.
355 755 518 806 Callipp.
540 769 576 794 n.
593 760 630 795 9,
650 761 684 795 1.
706 758 864 809 philipp.
887 772 963 796 var.
984 760 1075 798 lect.
1092 773 1129 797 n.
1153 763 1214 798 ll.
1240 764 1300 799 l2.
1324 764 1385 799 18.

232 813 375 866 Στίχοι.
392 820 502 853 πέντε
525 819 544 861 ἢ
565 819 604 863 ἓξ
621 819 801 868 μυριάδας
824 820 964 870 στίχων
978 821 1115 858 ἐκείνου
1137 827 1198 858 τοῦ
1218 822 1351 870 ἀνῖρὸς
1371 824 1635 859 καταλελοιπό-

178 892 241 918 τος
271 877 436 928 Dionys.
466 878 597 916 Halic.
628 882 707 929 περὶ
731 880 815 918 am.
845 880 940 931 Δημ.
969 880 1059 918 fine.
1109 882 1279 919 Omnino
1302 883 1435 919 Barth.
1467 883 1634 920 Advers.

177 936 286 976 LIV.
302 941 367 976 21.
386 941 450 977 22.
468 940 493 977 l.
514 942 552 978 2.
576 941 613 989 §.
638 944 672 979 1.
689 942 777 980 cod.
796 942 845 979 de
861 949 937 981 vet.
954 943 1033 992 jur.
1053 943 1181 982 enucl.
1203 943 1384 981 Gothofr.
1399 944 1450 981 ad
1464 944 1539 982 loc.
1554 944 1578 981 l.
1595 947 1634 982 2.

176 1013 233 1050 pr.
255 1000 342 1038 eod.
363 1000 388 1039 l.
411 1005 448 1039 3.
470 1003 507 1052 §.
528 1005 562 1040 1.
584 1003 671 1041 eod.
693 1003 870 1041 Marmor
891 1004 1075 1043 Sanduic.
1096 1019 1133 1055 p.
1153 1008 1217 1044 29.
1263 1006 1533 1045 Montfaucon.
1562 1007 1636 1045 Pa-

176 1060 310 1111 laeogr.
331 1061 356 1099 l.
379 1065 413 1100 1.
436 1075 469 1100 c.
488 1066 526 1101 4.
548 1077 584 1114 p.
605 1068 668 1102 30.
709 1064 844 1116 Nepos
864 1065 902 1102 in
924 1065 1204 1116 Epaminonda,
1221 1067 1399 1105 Lambin.
1422 1068 1471 1105 ad
1490 1068 1632 1114 locum,

174 1121 311 1160 Isidor.
328 1126 366 1162 5.
386 1127 424 1162 4.
456 1124 676 1162 Casaubon.
692 1125 741 1163 ad
758 1125 905 1164 Athen.
923 1127 993 1165 VI.
1011 1130 1071 1165 10.
1106 1128 1265 1167 Salmas.
1282 1129 1428 1179 proleg.
1445 1129 1494 1166 ad
1513 1129 1632 1166 Solin.

174 1184 333 1222 Contar.
355 1184 465 1223 Lect.
499 1186 661 1224 Subsec.
683 1191 717 1225 1.
739 1190 776 1225 8.
806 1186 969 1238 Menag.
991 1188 1040 1225 ad
1060 1189 1192 1228 Laert.
1216 1193 1251 1227 1.
1270 1192 1308 1230 7.
1329 1204 1366 1240 p.
1389 1194 1452 1228 33.
1478 1190 1633 1227 Sarrau.

175 1244 252 1296 Ep.
281 1260 320 1297 p.
340 1249 432 1285 230.
463 1247 617 1298 Stryck,
648 1249 850 1299 Praecogn.
885 1250 1053 1301 Jurispr.
1086 1251 1186 1290 Mill.
1217 1252 1334 1289 Praef.
1363 1252 1413 1289 N.
1437 1252 1483 1288 T.
1505 1251 1545 1289 it.
1575 1252 1631 1289 H.

175 1307 312 1358 steph.
336 1308 572 1348 Parmenidis
589 1315 799 1362 στιχοποιία
816 1311 877 1349 vel
895 1312 1018 1364 στίχοι
1036 1313 1231 1352 Plutarch.
1249 1328 1288 1365 p.
1308 1317 1372 1352 28.
1393 1314 1482 1352 fine.
1503 1314 1630 1352 Nemo

172 1382 262 1406 cum
296 1370 510 1420 Prophetas
547 1372 717 1410 versibus
753 1372 1059 1423 viderit—quam
1088 1375 1342 1413 distinximus.
1400 1375 1630 1427 Hieronym.

171 1431 281 1482 praef.
300 1432 350 1469 ad
368 1433 533 1470 Esaiam.
565 1434 743 1472 Ciceron.
764 1434 923 1473 Tuscul.
947 1435 1038 1473 MS.
1061 1444 1242 1488 στιχηρῶς
1261 1438 1300 1474 in
1319 1437 1556 1476 bibliotheca
1569 1450 1630 1475 re-

170 1493 228 1544 gis
251 1494 574 1532 Christianissimi.
597 1495 757 1533 Salmas.
778 1496 928 1547 proleg.
955 1496 1002 1534 ad
1025 1497 1143 1536 Solin.
1165 1499 1303 1537 Actor.
1326 1498 1506 1550 Apostol.
1536 1498 1629 1536 MS.

171 1555 299 1593 codex
327 1564 508 1608 στιχηρῶς
528 1557 741 1608 descriptus
762 1565 801 1595 et
821 1558 948 1596 editus
969 1572 992 1596 a
1013 1559 1059 1596 T.
1081 1560 1256 1598 Hearne.
1313 1561 1404 1599 Uno
1423 1561 1500 1598 hoc
1519 1560 1630 1598 volu-

168 1618 272 1655 mine
300 1617 561 1657 vitam--ante
591 1633 661 1658 nos
693 1620 947 1671 explicarunt.
983 1621 1100 1659 Corn.
1131 1622 1232 1674 Nep.
1255 1623 1392 1674 Epam.
1442 1623 1629 1661 Solebant

169 1679 316 1729 antiqui
334 1693 535 1717 numerum
552 1693 730 1718 versuum
758 1694 826 1719 seu
848 1685 987 1734 στίχων
1006 1683 1056 1720 ad
1082 1683 1147 1722 fin.
1178 1685 1266 1722 cod.
1296 1691 1445 1723 notare.
1502 1685 1630 1723 Hero-

171 1740 308 1778 dianus
328 1741 377 1779 de
397 1755 557 1780 numero
583 1750 664 1780 not.
688 1743 867 1794 Κράντωρ
897 1747 1091 1785 κατέλιπεν
1110 1747 1355 1798 ὑπομνήματα
1375 1750 1427 1790 εἷς
1446 1747 1626 1798 μυριάδας

169 1803 312 1854 στίχων
328 1808 422 1851 τρεῖς
443 1804 561 1855 Diog.
582 1804 713 1844 Laert.
729 1808 769 1844 4.
790 1808 854 1844 24⁴.
884 1806 1058 1858 Menage
1078 1808 1129 1845 ad
1148 1808 1287 1848 locum.
1306 1813 1479 1858 γίνονται
1494 1811 1532 1847 αἱ
1552 1816 1626 1847 πᾶ-

169 1879 234 1902 σαι
254 1864 424 1914 μυριάδες
446 1869 585 1918 στίχων
604 1870 771 1916 τέτταρες
790 1869 847 1904 καὶ
868 1873 1135 1919 τετταράκοντα
1163 1871 1253 1922 πρὸς
1276 1877 1353 1914 τοῖς
1384 1887 1625 1923 πεντακισχι-

167 1928 279 1970 λίοις,
312 1928 370 1963 καὶ
398 1927 596 1971 διακοσίοις
616 1928 883 1980 ἑβδομήκοντα.
910 1930 1021 1968 Idem
1041 1934 1078 1971 5.
1111 1935 1176 1973 27.
1197 1933 1280 1971 scil.
1299 1936 1392 1972 445.
1411 1935 1504 1974 275.
1552 1934 1628 1972 Ζο-

166 1987 344 2025 roaster's
364 1989 506 2027 Works
527 2003 592 2028 are
613 1991 695 2028 said
709 1997 749 2028 to
765 1991 917 2029 contain
939 1999 1012 2030 two
1032 1994 1197 2032 millions
1212 1994 1257 2032 of
1270 2007 1412 2033 verses.
1435 1995 1625 2034 Plin.111.

169 2053 204 2087 1.
236 2050 399 2088 Hieron.
434 2052 559 2091 Catal.
595 2052 737 2104 Script.
769 2054 910 2092 eccles,
944 2054 1056 2093 Idem
1088 2055 1162 2107 Ep.
1195 2059 1282 2095 124.
1315 2057 1366 2095 ad
1392 2057 1550 2096 Damas.
1585 2064 1626 2096 et

163 2112 274 2162 praef.
300 2112 479 2152 adversus
509 2114 664 2153 Daniel.
703 2114 1011 2168 Theopompus's
1045 2120 1106 2156 15.
1138 2118 1307 2169 myriads
1337 2122 1478 2170 στίχων
1507 2119 1623 2156 Phot.

164 2173 250 2212 cod.
267 2177 360 2213 226.

221 2235 394 2273 Titulum
421 2238 642 2287 proximum
668 2240 766 2278 Acta
790 2239 948 2288 Philippi
977 2253 1088 2290 paene
1122 2240 1260 2278 eadem
1291 2248 1501 2288 tenentem,
1534 2255 1621 2293 quae

167 2297 353 2335 Schottus
373 2298 410 2335 in
430 2299 525 2338 serie
544 2308 752 2351 praetorum
772 2301 1067 2339 Atheniensium
1089 2310 1165 2340 etc.
1182 2304 1260 2353 jam
1283 2303 1505 2349 tradiderat,
1521 2318 1622 2355 prae-

163 2358 260 2404 terii,
278 2367 344 2396 aut
364 2360 499 2410 partim
514 2374 602 2400 meo
618 2362 733 2400 indici
752 2376 881 2400 rerum
895 2364 1199 2401 memorabilium
1213 2371 1326 2402 aetate
1344 2366 1621 2404 Demosthenis

165 2427 359 2470 gestarum
392 2421 549 2461 intexui.
606 2423 694 2462 Pari
726 2425 842 2463 modo
874 2425 1037 2476 praeterii
1066 2425 1218 2463 titulum
1250 2427 1547 2476 Postpln'lippica,
1580 2435 1622 2465 ut

164 2496 298 2533 parum
319 2483 369 2520 ad
388 2496 470 2521 rem
489 2492 657 2522 nostram
672 2485 891 2531 facientem,
909 2493 949 2523 et
962 2486 1061 2524 ultra
1076 2487 1235 2537 primum
1257 2487 1493 2526 Alexandrei
1513 2488 1621 2539 regni

165 2544 360 2581 biennium
390 2558 466 2582 non
496 2547 789 2596 procedentem.
845 2547 1015 2585 Praeterii
1048 2547 1141 2585 item
1175 2548 1336 2592 titulum,
1370 2550 1619 2595 Mis-cellmua,

163 2605 394 2655 farraginem
414 2606 467 2643 ita
493 2607 732 2645 inconditam
752 2615 790 2646 et
808 2609 1049 2659 permixtam,
1079 2615 1124 2645 ut
1149 2622 1198 2646 ne
1220 2609 1410 2660 Taylorus
1435 2609 1516 2660 ipse
1537 2611 1621 2661 qui-

164 2667 252 2705 dem
274 2680 358 2711 eam
379 2668 566 2717 potuisset
590 2670 625 2706 in
645 2670 815 2708 ordinem
836 2670 1027 2720 redigere.
1047 2669 1199 2708 videtur
1219 2671 1473 2708 rudimentum
1495 2673 1618 2722 quod-

163 2729 249 2766 dam
280 2728 412 2766 indicis
432 2730 636 2779 graecitatis
658 2731 956 2769 demosthenicae
977 2744 1073 2769 esse.
1094 2731 1168 2770 alia
1196 2732 1388 2782 pertinent
1408 2733 1457 2770 ad
1483 2734 1612 2779 vitam,

163 2790 512 2841 interpretationes,
535 2799 609 2831 etc.
639 2793 927 2837 Demosthenis,
948 2793 1084 2843 quibus
1105 2794 1279 2831 omnibus
1308 2794 1409 2832 idem
1434 2798 1513 2843 jam
1534 2796 1615 2834 aliis

162 2852 257 2891 locis
272 2853 645 2893 convenientioribus
663 2868 757 2893 usus
777 2864 844 2894 cst.
869 2855 1050 2907 Sequitur
1066 2856 1103 2893 in
1120 2856 1276 2907 Taylori
1294 2857 1448 2896 schedis
1468 2857 1613 2904 titulus,
