1824 3171
196 195 282 234 clxii
623 194 833 233 REISKII
859 193 1155 232 PRAEFATIO

197 303 237 335 et
270 303 330 335 est
365 296 670 348 supplementum
711 295 889 347 marginis
921 294 1131 333 Lutetiani.
1188 294 1432 343 conjecturae
1464 291 1644 332 Lambini

196 371 292 396 rarae
311 357 362 396 ibi
382 365 483 403 sunt,
515 358 618 409 quod
638 357 727 403 dixi,
749 365 788 395 et
807 371 893 408 quae
913 364 1013 401 sunt,
1034 357 1259 407 plerumque
1278 356 1315 392 in
1335 355 1647 404 interpunctione

196 426 304 457 recte
338 419 618 464 constituenda,
654 426 693 456 et
725 418 962 468 corrigendis
999 417 1290 468 sphalmatibus,
1324 417 1513 454 laborant.
1545 428 1645 453 rarae

196 488 285 518 sunt
304 480 524 531 ingeniosae,
546 480 685 525 doctae,
705 486 836 524 certae,
859 479 1121 517 Demosthene
1143 486 1181 516 et
1203 478 1475 516 Demosthenis
1495 477 1646 515 editore

199 541 350 592 dignae3
383 541 514 579 multae
532 548 668 578 contra
691 539 869 585 triviales,
895 540 1023 576 multae
1041 539 1174 576 inanes
1199 547 1238 576 et
1267 539 1447 589 ineptaest*
1504 539 1648 586 Conje·

199 609 334 648 cturae,
349 610 415 641 aut
435 600 724 640 emendationes
741 600 772 638 si
791 613 877 650 quae
897 607 986 637 sunt
1004 600 1041 637 in
1061 600 1188 638 indice
1201 599 1375 637 Lambini
1394 599 1566 650 proditae,
1581 599 1649 636 du-

198 663 303 701 bium
330 672 402 713 est,
423 663 546 701 sintne
572 660 760 704 Lambini,
789 673 838 696 an
863 661 988 710 potius
1010 661 1180 697 Morelli.
1236 661 1398 697 Veniam
1423 667 1554 697 tamen
1573 670 1651 710 ego

198 725 381 776 equidem
408 724 521 761 facile
541 721 731 760 Lambino
752 719 854 757 dem.
911 720 1047 757 Subito
1075 720 1263 758 inciderat
1287 720 1326 756 in
1353 720 1551 770 negotium
1571 732 1649 756 non

196 785 406 836 provisum,
429 789 648 821 accesserat
677 781 893 832 imparatus.
926 780 1122 831 deprecari
1154 794 1230 818 non
1259 787 1446 832 potuerat.
1498 781 1650 818 Parisiis

197 855 277 884 tum
298 860 374 884 non
390 853 485 891 erat,
502 844 566 895 qui
584 844 719 882 melius
735 843 816 894 ipso
832 856 913 881 rern
929 843 1127 894 gessisset.
1167 843 1271 880 Intra
1289 855 1442 888 annum,
1463 849 1648 893 quantum

198 921 249 946 ex
278 910 361 959 ejus
393 907 618 959 praefatione
648 905 803 956 colligo,
823 905 922 943 hanc
943 918 1097 956 operam
1122 905 1341 944 exantlavit.
1398 906 1496 947 Quae
1524 904 1652 942 omnia

196 971 291 1009 satis
309 983 397 1008 eum
417 969 467 1007 ad
486 981 618 1019 aequos
635 974 833 1004 excusent.
851 989 904 994 —
924 967 1115 1005 Morellus
1133 966 1172 1004 in
1192 974 1301 1016 parte
1318 978 1340 1003 a
1357 978 1399 1003 se
1418 973 1549 1003 curata
1569 965 1652 1002 ubi·

194 1045 277 1084 que
298 1031 391 1069 citat
409 1037 499 1068 octo
526 1029 679 1066 codices
708 1027 981 1066 Demosthenis
1003 1034 1123 1065 mstos
1150 1040 1172 1064 e
1197 1026 1432 1065 bibliotheca
1461 1026 1566 1076 regia
1585 1025 1652 1063 de-

196 1100 384 1146 ·promtos,
404 1104 499 1144 quos
526 1091 584 1128 his
603 1089 722 1129 literis
743 1089 920 1140 designat
948 1105 984 1128 α.
1006 1088 1048 1137 β,
1067 1106 1104 1138 γ.
1127 1088 1158 1126 δ.
1179 1104 1208 1126 ε.
1229 1090 1260 1133 ζ.
1277 1105 1313 1133 η.
1333 1087 1372 1126 Sa
1394 1100 1467 1138 ego
1488 1087 1526 1125 in
1552 1087 1653 1124 libro

198 1156 426 1195 variantium
442 1153 823 1204 primum‚secundum,
841 1152 999 1198 tertium,
1020 1158 1060 1189 et
1080 1151 1135 1189 sic
1150 1163 1263 1201 porro
1276 1150 1444 1200 appello.
1500 1148 1651 1192 Quibus

197 1217 366 1257 numeris
379 1217 419 1254 hi
435 1215 591 1255 codices
606 1214 720 1252 hodie
738 1213 879 1265 signati
894 1214 982 1259 sint,
1002 1212 1197 1263 indagavit
1213 1211 1369 1263 Taylor.
1393 1218 1433 1248 et
1450 1211 1509 1248 his
1525 1210 1651 1248 verbis

202 1278 476 1318 demonstravit
494 1277 532 1314 in
551 1276 774 1328 praefatione
795 1275 845 1313 ad
864 1288 974 1313 suum
994 1273 1196 1312 Demosth.
1219 1289 1255 1311 α.
1273 1272 1351 1309 sive
1373 1272 1500 1310 codex
1521 1271 1656 1309 More-

200 1341 389 1380 lianorum
414 1340 557 1392 primus
577 1338 704 1376 locum
722 1338 841 1375 habet
859 1337 976 1374 hodie
1001 1336 1040 1373 in
1067 1335 1300 1373 bibliotheca
1317 1334 1425 1384 regia
1443 1336 1562 1373 2190.
1583 1345 1654 1369 nu-

198 1416 322 1442 mero.
338 1402 498 1452 reliqua,
520 1413 597 1438 una
616 1412 701 1437 cum
713 1399 866 1447 judiciis
888 1399 937 1436 de
956 1398 1086 1436 valore
1107 1398 1295 1447 cujusque
1314 1395 1458 1433 codicis
1474 1394 1652 1444 Parisini,

196 1478 291 1516 *quae
312 1464 457 1515 Taylor
476 1462 575 1506 tulit,
592 1461 695 1511 apud
715 1460 839 1511 ipsum
854 1460 967 1497 velim
986 1459 1076 1509 legi.

258 1525 363 1564 Citat
381 1524 573 1562 interdum
595 1522 738 1573 Taylor
766 1521 954 1559 lectiones
972 1528 1154 1570 tanquam
1174 1532 1196 1557 e
1215 1518 1396 1557 Parisinis
1427 1516 1540 1555 codd.
1560 1517 1656 1554 hau-

203 1594 294 1632 stas,
310 1599 470 1637 quarum
496 1583 644 1621 mentio
666 1583 773 1620 nulla
797 1582 841 1619 fit
867 1582 905 1619 in
934 1582 1102 1620 editione
1131 1581 1314 1619 Parisina.
1372 1580 1528 1629 Ergone
1548 1578 1657 1616 locu-

196 1649 344 1701 'pletior
364 1655 403 1686 et
419 1645 637 1697 diligentior
656 1657 775 1696 penes
797 1657 883 1681 eum
897 1644 970 1681 fuit
988 1644 1138 1681 illorum
1156 1642 1332 1679 codicum
1349 1640 1534 1678 collatio?
1564 1639 1655 1677 Non

203 1710 367 1748 videtur.
398 1709 480 1746 Imo
500 1707 627 1759 potius
648 1706 741 1744 edit.
774 1705 986 1742 Parisinam
1015 1717 1117 1754 saepe
1141 1703 1295 1740 nomine
1320 1701 1498 1739 codicum
1525 1700 1651 1750 regio-

204 1784 289 1810 rum
310 1771 489 1822 appellat,
506 1781 602 1819 quos
619 1780 706 1805 eum
727 1766 845 1804 oculis
865 1780 942 1803 non
957 1766 1098 1803 vidisse
1117 1770 1267 1802 constat
1283 1776 1330 1799 ex
1347 1775 1433 1800 ann.
1448 1762 1497 1799 ad
1512 1775 1551 1812 p.
1563 1763 1655 1802 277.

205 1837 271 1872 28.
304 1834 417 1884 Saepe
449 1831 543 1869 citat
571 1829 716 1880 Taylor
747 1828 901 1865 codices
935 1827 1126 1864 Parisinos
1158 1838 1375 1876 perperam,
1401 1824 1465 1860 ubi
1485 1836 1553 1874 par
1573 1831 1657 1861 erat

203 1894 415 1932 lectionem
434 1891 614 1941 marginis
633 1887 828 1926 Lutetiani
849 1887 1087 1924 solummodo
1106 1886 1266 1924 laudari.
1322 1885 1413 1922 Non
1445 1897 1576 1922 omnes
1602 1885 1657 1922 le-

206 1956 353 1994 ctiones
372 1952 560 1991 variantes
587 1950 626 1987 in
644 1949 817 1999 margine
837 1948 971 1985 Lutet„
992 1955 1184 1985 annotatae
1211 1954 1299 1985 sunt
1328 1959 1349 1983 e
1379 1946 1578 1984 codicibus
1597 1958 1661 1983 re·

206 2018 279 2069 giis
312 2015 504 2059 parisinis,
543 2012 614 2051 sed
643 2024 689 2048 ea
718 2010 970 2055 solummodo,
1009 2010 1146 2060 quibus
1179 2008 1384 2059 adscriptae
1413 2015 1499 2045 sunt
1538 2007 1659 2045 literae

208 2095 246 2116 α.
267 2076 308 2125 β.
329 2094 366 2125 γ.
383 2083 458 2113 etc.
488 2073 665 2123 Reliquae
684 2070 885 2115 lectiones,
908 2083 993 2121 quae
1011 2069 1070 2106 his
1098 2069 1197 2106 notis
1231 2074 1376 2112 carent,
1405 2067 1551 2104 tametsi
1572 2080 1660 2118 pos-

207 2140 282 2178 sint
301 2138 434 2176 itidem
455 2135 556 2172 illinc
577 2134 703 2171 ductae
724 2144 823 2176 esse,
845 2138 974 2168 tamen
999 2138 1107 2168 certo
1127 2130 1167 2167 id
1186 2129 1318 2167 doceri
1343 2127 1488 2178 nequit,
1515 2135 1554 2165 et
1574 2141 1662 2179 pos-

207 2208 295 2239 sunt
316 2199 377 2237 alii
395 2198 522 2235 fontes
542 2206 672 2233 earum
691 2192 902 2230 lectionum
922 2190 1189 2235 demonstrari,
1207 2203 1241 2227 e.
1259 2203 1294 2228 c.
1315 2190 1443 2226 codex
1463 2187 1660 2238 Obsopoei,

196 2264 275 2300 'aut
303 2260 421 2299 editio
443 2257 595 2300 Aldina,
624 2261 691 2292 aut
720 2253 909 2304 quaepiam
940 2252 1014 2289 alia
1040 2251 1237 2296 vetustior,
1265 2257 1331 2287 aut
1357 2249 1472 2286 index
1500 2249 1659 2297 alicujus

207 2319 428 2360 vetustioris
461 2315 648 2360 editionis,
680 2321 745 2351 aut
778 2320 915 2351 auctor
946 2312 1081 2362 aliquis
1107 2318 1288 2354 vetustus,
1310 2317 1352 2347 ut
1373 2310 1661 2359 Hermogenes,

211 2382 417 2426 Aristides,
433 2377 639 2429 Dionysius
660 2374 855 2412 Halicarn.
914 2373 1128 2423 Longinus,
1150 2372 1225 2417 alii,
1256 2378 1322 2409 aut
1341 2370 1472 2408 Wolfii
1499 2379 1657 2408 annota-

209 2445 349 2488 tiones,
371 2448 445 2479 etc.
499 2439 705 2485 Universe,
738 2448 815 2472 non
850 2434 1002 2472 videtur
1035 2433 1244 2471 Lambinus
1278 2432 1433 2470 codices
1464 2431 1654 2469 Parisinus

198 2516 424 2556 usurpasse,
447 2501 541 2538 etin
562 2497 752 2548 exemplo,
778 2496 882 2547 quod
915 2496 1102 2533 Morellus
1134 2493 1287 2544 reliquit
1313 2492 1490 2537 moriens,
1524 2493 1606 2542 ipse
1635 2506 1659 2530 a

210 2567 413 2605 Benenato
441 2560 594 2611 accepit
622 2559 692 2596 sibi
722 2558 914 2602 traditum,
944 2556 1046 2594 unde
1077 2569 1205 2606 operae
1236 2553 1418 2592 Parisinae
1449 2553 1657 2591 editionem

212 2639 321 2665 suam
343 2628 627 2675 expresserunt,
653 2619 912 2669 Herwagiana
925 2618 1046 2669 prima
1065 2624 1169 2667 puta,
1191 2628 1267 2653 non
1290 2614 1359 2652 nisi
1384 2626 1525 2664 paucas
1546 2626 1659 2664 quas-

214 2689 301 2727 dam
320 2685 506 2738 reperisse
525 2696 548 2722 e
577 2680 757 2720 Parisinis
783 2679 905 2731 primo
926 2687 965 2717 et
985 2678 1116 2729 quinto
1137 2677 1224 2715 solis
1257 2675 1308 2714 ad
1329 2674 1520 2713 orationes
1541 2688 1563 2712 a
1581 2674 1661 2713 Le-

257 2840 277 2858 *
299 2839 335 2869 In
358 2836 493 2876 margine
518 2833 666 2865 Paris'mae
690 2832 715 2861 si
739 2842 797 2871 qua
819 2830 911 2861 leotio
935 2829 1028 2859 tacito
1053 2833 1175 2859 anctore
1201 2826 1380 2868 proponitur
1397 2837 1463 2856 cnm
1481 2827 1661 2866 Angustano

216 2892 313 2931 primo
330 2889 533 2921 consentiens,
544 2886 662 2916 videtur
676 2894 711 2913 ea
727 2894 766 2912 ex
780 2882 919 2913 Parisino
936 2881 1033 2920 primo
1051 2891 1119 2910 esse
1135 2884 1273 2918 accepta,
1291 2879 1347 2908 nisi
1364 2878 1483 2908 aliunde
1500 2878 1539 2908 de
1554 2883 1657 2908 aueto—

205 2975 207 2977 ,
218 2943 308 2973 ritate
325 2941 390 2978 ejus
406 2943 533 2968 constet.
