1824 3171
554 165 628 203 AD
658 164 1120 204 DEMOSTHENEM.
1434 165 1570 205 clxxxi

118 272 289 320 tempore
322 279 450 319 graeca
483 267 619 305 critica
648 267 934 320 progerminare
970 268 1088 306 modo
1124 266 1345 318 incipiebat.
1401 270 1572 307 Accedit

118 331 223 379 quod
251 329 375 368 codex
397 329 510 367 Dem.
542 329 800 375 Pannonicus,
822 330 887 380 qui
914 329 949 367 ei
968 329 1008 366 in
1027 342 1160 367 manus
1178 336 1350 374 venerat,
1371 342 1448 366 non
1469 337 1571 368 esset

119 392 273 442 optimae
287 398 401 428 notae.
459 390 621 428 Videtur
638 391 703 429 ille
724 391 849 429 codex
869 391 907 428 in
925 391 1200 428 bibliothecam
1231 390 1459 440 Augustam,
1484 404 1571 440 quae

120 452 355 490 Vindebonae
384 459 457 498 est,
486 452 613 491 illatus
635 465 733 491 esse.
789 453 935 491 Paulus
956 453 1159 491 Manutius
1185 466 1276 490 num
1306 465 1385 489 suae
1411 452 1572 489 editioni

118 513 271 550 codices
291 512 510 551 adhibuerit
526 526 661 560 novos,
688 527 710 552 a
730 514 924 552 Feliciano
951 527 1026 551 non
1057 520 1274 565 usurpatos,
1302 512 1460 550 dubium
1489 519 1572 556 est3

116 580 156 610 et
175 587 274 624 pene
302 587 457 625 negem.
514 575 680 613 Wolfius
709 575 760 614 ad
786 588 892 614 suam
923 583 1030 613 certe
1058 576 1184 613 nullos
1212 574 1386 612 adhibuit
1416 573 1570 612 codices

114 642 244 680 mstos,
265 636 368 686 quod
387 635 568 686 equidem
588 639 774 688 majorem
802 637 842 674 in
871 637 1028 674 modum
1055 637 1093 674 in
1113 650 1159 673 eo
1179 636 1308 681 miror,
1329 635 1393 686 qui
1413 642 1570 672 aetatem

113 708 162 734 ea
176 696 213 733 in
231 697 325 735 urbe
343 698 519 748 degeret,
541 698 606 736 ubi
627 698 741 750 copia
757 698 830 749 ipsi
851 706 955 736 esset
974 711 1044 736 sex
1067 698 1245 736 codicum
1265 696 1572 735 demosthenico-

113 771 209 804 rum,
230 766 269 796 et
284 759 323 796 in
335 759 393 797 his
410 760 589 805 omnium,
605 767 796 811 quotquot
812 760 927 798 hodie
941 760 1086 811 cogniti
1101 759 1212 798 nobis
1226 772 1384 810 usquam
1403 765 1568 804 exstant,

113 818 193 857 sine
206 821 469 859 controversia
483 821 717 867 nobilissimi,
732 821 994 872 antiquissimi,
1010 828 1048 860 et
1063 820 1377 860 emendatissimi.
1420 820 1570 858 Sedens

112 881 164 919 ad
189 880 348 928 fontem,
380 890 446 921 aut
473 883 661 933 ignoravit
688 896 788 929 eum,
816 890 883 920 aut
910 883 963 920 nil
992 883 1140 921 curavit
1167 882 1255 920 inde
1283 881 1448 920 haurire.
1483 894 1570 931 quae

111 943 314 982 secordia!
355 944 563 995 Postquam
577 947 657 993 jam
679 957 820 983 excusa
839 951 943 982 esset
962 944 1062 996 typis
1083 943 1201 982 editio
1221 956 1302 988 sua,
1325 950 1404 980 tum
1426 942 1569 980 demun

112 1003 150 1041 in
170 1013 339 1044 mentem
358 1007 393 1045 ei
407 1007 523 1052 venit,
542 1020 625 1044 esse
641 1007 679 1043 in
693 1008 800 1052 urbe,
818 1006 882 1044 ubi
898 1006 1028 1044 literas
1044 1006 1127 1056 ipse
1142 1005 1294 1056 publice
1309 1005 1568 1057 profiteretur,

114 1068 355 1106 membranas
377 1068 652 1107 Demosthenis
674 1075 858 1114 vetustas,
879 1067 980 1105 forte
1000 1080 1082 1105 non
1101 1067 1291 1117 indignas,
1313 1080 1398 1117 quae
1418 1066 1573 1103 confer-

111 1135 256 1166 rentur.
313 1129 514 1167 Commisit
541 1131 739 1179 negotium
766 1129 842 1174 alii,
870 1128 1015 1165 homini
1044 1128 1157 1165 docto
1178 1128 1333 1177 quidem
1354 1127 1421 1173 illi,
1441 1140 1568 1177 neque

110 1188 264 1238 ignavo,
287 1190 532 1228 excusatione
560 1203 664 1235 usus,
685 1189 874 1240 probabili
893 1189 1033 1234 futura,
1053 1189 1083 1226 si
1102 1202 1194 1226 vera
1212 1188 1362 1226 fuisset.
1419 1188 1569 1226 Verum

110 1250 302 1300 copiosius
322 1250 370 1289 de
396 1250 572 1289 subsidiis
601 1250 808 1288 Demosth.
837 1250 963 1288 dicam
992 1249 1108 1301 paulo
1138 1256 1235 1300 post,
1263 1249 1402 1300 quibus
1421 1248 1475 1286 uti
1496 1262 1565 1299 po·

108 1311 246 1350 tuisset
265 1313 385 1358 Wolf,
407 1312 435 1351 si
457 1312 652 1351 voluisset.
712 1312 793 1350 Sed
813 1311 1073 1350 condonemus
1093 1311 1193 1348 hanc
1222 1311 1374 1361 culpam
1404 1311 1569 1348 multitu-

109 1372 190 1410 dini
210 1373 396 1420 labomm,
426 1374 565 1425 quibus
589 1375 748 1412 obrutus
777 1380 860 1411 erat
887 1375 1012 1412 bonus
1032 1373 1096 1410 ille
1115 1373 1182 1419 vir,
1202 1378 1305 1410 sorte
1324 1384 1430 1418 usus,
1453 1378 1567 1410 aetate

108 1447 194 1485 sua,
215 1436 410 1474 communi
428 1436 541 1474 etiam
560 1437 678 1474 hodie
698 1436 782 1482 illis,
804 1436 867 1486 qui
883 1437 1060 1486 jumenta
1078 1442 1166 1472 sunt
1186 1434 1441 1481 librariorum,
1472 1448 1568 1486 quo-

110 1509 196 1533 rum
212 1497 414 1547 cupiditati
434 1510 591 1548 operam
612 1511 717 1536 suam
737 1498 775 1535 in
790 1497 895 1535 libris
916 1497 1078 1535 edendis
1100 1496 1341 1541 addixerunt,
1364 1502 1408 1534 ut
1428 1508 1494 1534 eos
1511 1497 1568 1534 lo-

108 1558 322 1608 cupletent,
351 1560 421 1610 ipsi
449 1560 601 1597 interim
627 1560 729 1598 fame
758 1566 978 1610 pereunteS‚
1009 1565 1088 1604 aut,
1117 1558 1146 1595 si
1175 1559 1276 1596 bene
1304 1570 1387 1596 rem
1412 1564 1565 1608 gerunt,

109 1633 201 1657 cum
221 1621 408 1658 nonnullo
428 1621 483 1659 rei
502 1621 696 1660 familiaris
725 1622 997 1666 emolumento,
1024 1619 1138 1657 famae
1157 1619 1345 1658 facientes
1358 1622 1566 1668 jacturam,

108 1695 196 1719 cum
213 1695 373 1721 necesse
394 1683 442 1720 sit
469 1696 599 1737 opera,
626 1696 703 1721 non
727 1683 908 1729 scribere,
939 1682 1008 1720 sed
1039 1694 1230 1719 evomere.
1288 1681 1566 1719 Condonemus

106 1743 224 1782 etlam
242 1745 375 1783 saeculi
389 1745 496 1783 istius
515 1744 684 1790 ruditati,
701 1751 780 1782 turn
796 1745 967 1783 nondum
983 1744 1155 1782 adsuetae
1171 1743 1221 1781 ad
1238 1742 1475 1793 diligentiam
1491 1743 1565 1780 cri-

105 1805 234 1845 ticam.
292 1808 419 1850 Quam
455 1807 599 1858 primus
635 1806 809 1844 adhibuit
837 1805 1098 1844 Demostheni
1137 1805 1244 1843 Guil.
1276 1804 1479 1850 Morellus‚
1508 1804 1566 1840 vir

106 1868 302 1919 egregius,
322 1868 426 1906 idem
444 1876 573 1907 tamen
592 1868 737 1907 Wolfio
759 1868 929 1920 aequalis,
953 1875 993 1905 et
1012 1867 1148 1906 eadem
1177 1874 1293 1904 aetate
1316 1879 1454 1904 saxum
1474 1879 1564 1904 cum

105 1927 188 1979 ipso
207 1928 361 1967 volvens
391 1929 755 1969 Demosthenicum.
812 1930 917 1968 Octo
938 1929 1096 1968 codices
1116 1929 1178 1967 ille
1199 1941 1285 1966 cum
1306 1928 1568 1978 Herwagiana

108 1991 230 2042 prima
249 1992 426 2038 contulit,
447 2001 487 2030 et
509 1992 699 2030 lectiones
728 2005 778 2029 ex
807 1992 880 2030 illis
903 2005 925 2030 a
945 2006 985 2030 se
1015 1999 1190 2030 enotatas
1219 1991 1256 2028 in
1283 1991 1456 2041 margine
1484 2004 1564 2028 suae

107 2052 287 2091 editionis
315 2055 458 2102 retulit,
485 2067 572 2091 cum
602 2060 693 2091 nota
722 2057 905 2104 quusque
934 2054 1090 2099 codicis,
1118 2052 1220 2091 unde
1251 2052 1371 2090 lectio
1399 2065 1563 2103 quaeque

106 2121 232 2165 sumta
250 2122 363 2153 essct.
421 2115 588 2154 Codices
608 2114 693 2152 illos
721 2114 840 2153 literis
869 2115 1065 2166 alphabeti
1093 2114 1210 2165 graeci
1235 2114 1464 2164 designavit,
1490 2114 1565 2165 pri-

108 2188 212 2213 mum
231 2177 343 2214 litera
363 2194 401 2227 α,
421 2176 634 2215 secundum
650 2176 762 2214 litera
781 2175 822 2223 β,
839 2183 877 2214 et
898 2176 954 2213 sic
974 2189 1104 2227 porro.
1136 2176 1287 2213 Horum
1304 2175 1480 2214 codicum
1497 2190 1565 2214 no-

106 2236 228 2274 titiam
248 2251 269 2274 e
292 2238 461 2289 Tayloro
480 2244 630 2289 repete,
651 2237 680 2274 si
700 2238 841 2288 placet.
899 2238 1045 2275 Verum
1064 2251 1141 2275 non
1163 2237 1350 2288 processit
1366 2237 1451 2274 haec
1473 2237 1564 2274 Mo-

107 2299 192 2336 relli
207 2298 406 2350 diligentia
423 2300 523 2337 ultra
543 2306 692 2350 partem
711 2299 828 2345 illam,
842 2312 928 2350 quae
947 2299 1030 2350 ipso
1047 2299 1175 2337 adhuc
1191 2298 1396 2350 superstite
1417 2312 1565 2337 excusa

104 2360 192 2399 fuit.
248 2361 460 2412 Supersunt
487 2361 588 2399 illius
618 2361 826 2412 diligentiae
854 2361 1019 2412 vestigia
1047 2361 1224 2411 quaedam
1253 2360 1382 2397 adhuc
1409 2360 1447 2397 in
1476 2374 1561 2398 ora-

105 2421 210 2460 tione
236 2422 285 2460 de
314 2423 411 2460 falsa
438 2421 646 2473 legatione.
704 2422 752 2460 In
780 2421 1068 2472 insequentibus
1096 2422 1210 2472 plane
1239 2421 1460 2472 exspiravit.
1514 2423 1562 2460 In

103 2483 171 2521 illa
188 2491 296 2534 parte
317 2484 433 2522 Dem.
454 2483 666 2530 Lutetiani,
686 2496 800 2534 quam
827 2483 1040 2521 Lambinus
1067 2482 1227 2529 curavit,
1259 2489 1325 2520 aut
1350 2482 1476 2520 nullos
1496 2483 1561 2522 ille

104 2545 258 2584 codices
277 2545 456 2596 inspexit,
478 2552 544 2583 aut
561 2558 717 2596 perraro
737 2545 916 2596 inspexit,
937 2545 1019 2583 sine
1048 2545 1192 2582 indicio
1219 2544 1376 2595 quidem
1406 2545 1561 2596 reliquit

105 2607 304 2654 lectiones,
324 2608 355 2646 si
376 2621 468 2659 quas
488 2607 592 2645 illinc
612 2607 818 2659 excerpsit.
839 2607 961 2644 multo
981 2607 1145 2645 rariores
1166 2613 1254 2644 sunt
1272 2610 1353 2655 Jam
1372 2606 1561 2645 lectiones

105 2669 308 2719 variantes,
327 2683 442 2720 quam
460 2670 498 2706 in
521 2676 630 2720 parte
651 2682 673 2707 a
693 2669 862 2707 Morello
881 2676 1029 2714 curata,
1048 2675 1086 2706 et
1104 2668 1328 2719 plerumque
1349 2680 1370 2705 e
1389 2667 1560 2706 fontibus

107 2730 326 2780 vulgaribus
345 2731 505 2769 haustae.
563 2730 641 2768 Sed
661 2730 733 2768 hac
753 2731 802 2769 de
828 2743 871 2768 re
893 2733 973 2778 jam
993 2743 1109 2781 supra
1128 2737 1288 2780 questus
1308 2742 1406 2766 sum.
1464 2730 1560 2767 Post

107 2791 344 2830 intervallum
364 2800 515 2831 centum
536 2800 575 2831 et
595 2793 844 2843 septuaginta
870 2792 952 2830 fere
983 2804 1167 2829 annorum
1195 2790 1340 2842 prodiit
1361 2790 1517 2841 Taylor,
1538 2804 1562 2828 a

106 2865 182 2902 quo
201 2866 309 2903 paene
328 2855 540 2904 perfectam
560 2861 781 2905 poteramus
810 2853 1018 2891 editionem
1040 2853 1157 2891 Dem.
1178 2865 1348 2903 sperare.
1407 2851 1559 2889 Extulit

107 2925 195 2951 eum
214 2914 396 2952 saeculum
417 2915 536 2953 multo
555 2915 726 2966 pluribus
755 2915 846 2954 artis
875 2914 1017 2953 criticae
1047 2913 1286 2952 adminiculis
1316 2913 1557 2958 instructum,
