1824 3171
221 146 317 185 ccxii
678 147 890 186 REISKII
923 149 1215 188 PRAEFATIO

218 258 297 296 Pag.
343 267 435 287 versu

218 321 298 357 369
356 321 403 357 16
433 318 571 370 ἐκεῖνο]
593 320 750 362 ἐκείνως.

218 381 298 419 370
352 381 402 420 27
432 379 556 430 φήσει]
578 385 680 430 φησί.

217 461 298 468 ——-
351 443 402 478 28
432 444 497 486 τὴν
518 440 683 493 εἰρήνην]
705 441 903 480 articulum
924 443 1066 481 addidi.

219 502 297 542 377
355 505 404 541 18
435 501 545 552 αὐτὸ]
568 505 691 545 αὑτός.

218 563 295 603 378
354 566 404 602 10
432 561 555 614 οἶμαι]
578 565 715 614 οἰόμαι.
747 564 874 603 Semel
903 565 1064 603 sufficiat
1083 565 1146 603 hic
1172 577 1234 602 me
1254 564 1508 612 admonuisse,
1537 579 1670 617 quam-

484 624 655 674 plurimis
690 625 726 662 in
756 625 853 664 locis
881 627 956 664 hoc
985 639 1055 677 pro
1083 626 1147 664 illo
1176 640 1199 664 a
1230 639 1291 665 me
1323 625 1512 664 redditum
1539 628 1668 666 fuisse.

484 685 675 724 Differunt
692 686 792 724 enim
811 687 918 725 istaec
938 701 1015 726 non
1031 700 1179 739 parum.

217 748 295 784 383
351 748 404 784 20
432 753 494 783 τοῦ
513 746 601 801 ζῇν]
623 747 831 800 interposui
850 752 902 787 τό.

215 809 295 845 384
377 809 402 846 9
431 808 567 846 πολλά.
588 810 651 846 οὐκ
669 809 858 862 ἐδέξαντο]
881 810 1022 848 πολλοί.
1044 813 1094 853 ὡς
1113 810 1140 847 δ’
1160 812 1222 847 οὐκ
1236 810 1287 847 ἑὸ.

217 869 295 910 397
355 870 404 906 12
433 873 548 906 ταῦτα
567 869 749 921 ἐπέδειξα]
771 871 981 923 interposui
999 875 1070 910 καί.

218 951 298 957 ——-
326 942 416 980 pen.
436 931 572 983 μυρία]
594 934 726 982 μωρία.

217 993 296 1030 405
351 994 402 1030 26
433 994 567 1039 στόμα,
588 993 681 1046 οὐδ’]
702 993 910 1045 interposui
926 995 1025 1032 ἀλλ’.

218 1055 298 1091 415
353 1055 404 1091 23
433 1052 506 1103 μὴ]
528 1053 657 1105 μηδὲν.

218 1115 296 1151 416
355 1116 403 1152 16
433 1115 612 1167 ἐκείνους]
634 1116 783 1155 ἐκείνου.

218 1196 298 1202 ———
351 1178 404 1213 20
432 1175 563 1228 ἔλεγε]
584 1176 727 1226 ἔλεγες.

220 1238 296 1274 423
356 1238 403 1277 17
435 1239 663 1291 κατήγορον]
681 1247 908 1292 κατηγορῶν.

218 1297 297 1338 427
379 1300 404 1336 9
432 1295 485 1336 (ὗν
505 1297 555 1335 (ἲν
573 1300 731 1345 ἕκαστος
750 1302 852 1352 ὑμῶν
871 1299 998 1352 οἶμαι]
1029 1299 1080 1341 ὦν
1108 1302 1179 1353 μὲν
1198 1303 1244 1339 ἂν
1266 1304 1418 1346 ἕκαστος
1439 1302 1554 1354 οἶμαι.
1577 1304 1674 1354 (sine

486 1360 615 1411 ὑμῶν.)

218 1421 296 1459 428
351 1422 398 1458 21
432 1423 566 1469 γέλως,
581 1422 697 1469 ἄδεια,
720 1425 903 1476 αἰσχύνη]
927 1429 1062 1472 γέλως,
1080 1424 1148 1471 ὅση
1163 1423 1281 1469 ἄδεια,
1297 1422 1477 1474 Αἰσχίνη.
1495 1424 1547 1475 (in
1562 1436 1676 1461 voca-

487 1481 566 1520 tivo
585 1483 746 1521 nominis
766 1485 939 1535 proprii.)

220 1545 298 1582 433
359 1545 407 1580 12
433 1543 569 1582 ἐκεῖνον
589 1544 676 1597 τὸν]
698 1545 836 1583 ἐκείνου
856 1554 934 1584 τοῦ.

220 1606 299 1645 437
356 1607 407 1643 22
436 1606 600 1657 ἐπαίρειν
619 1611 777 1650 τούτους.
795 1607 931 1659 ταῦτα]
955 1609 1134 1657 ἐπαίρειν.
1156 1610 1309 1649 τούτοις.
1324 1614 1441 1645 ταῦτα

220 1678 400 1717 ——pem
430 1671 533 1704 τοῦτο
553 1667 738 1720 ἅπαντες]
760 1669 969 1720 interposui
992 1670 1039 1716 γ’.

219 1730 300 1765 440
380 1730 405 1766 5
436 1731 605 1774 συλήσας
626 1730 684 1767 καὶ
701 1729 900 1783 διασύρας]
923 1728 1137 1779 transposui
1158 1727 1372 1779 participia.

221 1791 300 1827 444·
381 1791 406 1826 8
435 1794 512 1831 τοῖς
528 1790 662 1833 ὅπλοις
683 1790 898 1842 δυνήσεται]
922 1796 999 1833 τοῖς
1019 1790 1148 1832 ὅπλοις
1170 1791 1204 1837 γ’
1225 1789 1392 1840 αἱρήσειν
1413 1788 1616 1834 ἒυνήσιται.
1637 1787 1677 1826 in

490 1851 627 1902 quibus
642 1852 828 1902 particula
848 1853 883 1901 γ’
904 1852 953 1890 de
973 1865 1060 1890 meo
1077 1857 1148 1890 est.

224 1914 303 1949 448
359 1914 410 1950 26
440 1911 543 1962 οὐδὲ]
565 1912 683 1951 οὐδέν.

223 1976 301 2011 463
383 1975 408 2010 2
437 1973 459 2017 ἢ
480 1972 696 2024 τοσούτους]
718 1973 926 2025 interposui
948 1974 1016 2018 δίς.

223 2037 302 2072 465
362 2036 410 2072 16
439 2033 586 2085 τοῦτον]
603 2039 720 2074 τοῦτο.

224 2098 303 2134 466
362 2098 411 2134 10
440 2095 629 2146 διορίζειν]
653 2096 833 2147 διορίζων.

224 2159 302 2194 483
362 2159 410 2195 16
439 2155 495 2198 οἷς
514 2157 711 2210 ἀκηκόατε]
733 2156 942 2209 interposui
957 2159 1032 2196 οὑκ.

225 2220 304 2256 484
363 2220 410 2255 13
440 2216 571 2268 αὐτὸν]
600 2220 723 2261 αὐτός.

226 2284 305 2319 485
386 2283 410 2319 6
440 2280 483 2316 ὃν
501 2279 621 2330 ἦσαν]
643 2281 686 2318 ὃν
703 2279 995 2330 ἐνομοθέτησαν.

227 2354 405 2392 —-pen.
435 2341 651 2390 δικαιότερον
673 2340 821 2392 τούτου]
843 2339 1054 2391 interposui
1075 2345 1150 2377 τοῦ.

228 2406 306 2442 486
388 2406 413 2440 4
442 2404 466 2439 ἃ
486 2403 614 2440 τούτου
632 2407 693 2440 τοῦ
714 2401 849 2453 νόμου]
868 2405 893 2439 ἵι
911 2410 975 2440 τοῦ
993 2404 1121 2439 τούτου
1138 2416 1170 2439 ν.

228 2468 308 2503 493
364 2466 414 2501 23
445 2467 489 2508 ἢν
508 2463 634 2514 quam]
657 2465 702 2508 ἣν
721 2464 764 2503 si.

230 2529 308 2565 495
368 2528 415 2563 15
446 2525 596 2576 γράψων
615 2527 686 2575 γὰρ
708 2528 773 2569 τὴν
793 2524 936 2576 ἀρχὴν]
960 2523 1162 2561 articulum
1183 2522 1326 2560 addidi.

231 2590 309 2626 496
391 2587 414 2626 7
443 2585 562 2634 ἔγωγε
582 2584 755 2635 ἐροίμην]
775 2584 982 2636 interposui
1004 2587 1049 2628 σ’.

230 2651 302 2688 501
392 2650 416 2685 9
446 2645 578 2696 αὑτὸν]
603 2648 750 2684 σαυτόν.

233 2711 309 2750 517
366 2709 416 2748 27
448 2706 595 2758 πομπὴ]
619 2706 804 2758 praeposui
820 2707 1024 2745 articulum
1045 2709 1078 2751 ἦ.

233 2793 310 2800 --‹—
347 2770 414 2807 ult.
445 2771 501 2806 καὶ
515 2771 532 2805 ὁ
554 2767 789 2818 ἓαργηλίων]
813 2770 870 2804 καὶ
890 2767 1117 2818 θαργηλίων.

235 2857 308 2865 ,.--
364 2832 414 2869 ib.
444 2837 530 2881 μήτε
551 2830 700 2882 ἓξιῖναι]
722 2833 770 2879 μὴ
790 2830 932 2872 ἐξεῖναι.

236 2899 312 2933 ,524
396 2896 418 2930 8
449 2889 754 2943 ἀῖικησομίιους]
776 2889 1125 2939 ἀξιωθησομένους,
