1824 3171
100 2659 106 2660 ’
145 2656 202 2685 fius
223 2662 254 2686 et
280 2657 332 2686 alii
357 2657 647 2686 animadverterunt.

564 113 1075 158 ΦΙΛΙΠΠΙΚΟΣ
1142 115 1200 154 Α.

1513 108 1611 161 117

597 272 788 311 ΠΟΡΟΥ
831 266 1095 311 ΑΠΟΔΕΙΞ
1100 270 1171 308 ΙΣ.

226 363 293 414 102.
322 362 384 412 A
409 384 489 430 μεν
515 360 656 430 ἡμεῖς,
684 357 892 427 ᾤ’ἀνὸρες
917 359 1166 420 Ἀθηναῖοι,
1187 354 1445 428 δεδυνήμεθα,
1471 356 1615 423 ευρεΐν,

153 434 312 488 Tauroi
346 434 481 487 ἔστιν.
523 432 706 487 ἐπειδᾶν
753 432 796 485 ὃ
829 432 1183 500 ἐπιχειροτονῆτε
1219 456 1306 491 τας
1346 454 1547 501 γνωμας,
1584 430 1618 480 οἳ

194 554 319 579 ΠοΡογ·
345 549 559 589 ΑΠΟΛΕιΞιΣ]
585 550 620 578 In
644 549 781 588 margine
804 548 869 578 haeo

151 594 247 622 verba
267 597 409 622 annotata
434 593 557 631 reperi:
581 590 708 621 ἐντεῦθεν
725 591 776 630 ἔφη
802 599 868 622 Διο-

148 635 241 668 νύσιος
248 634 487 675 ‘Annuagras-5522:
501 634 593 675 ἑτέρου
605 641 672 665 εἰναι
689 635 787 675 ἀρχήν.
804 645 869 675 προ-

149 677 238 716 οίμιον
253 677 280 707 δέ
304 686 388 717 φησιν
410 679 457 707 οὐκ
472 677 547 719 ἔχει.
563 677 656 707 ἐπειδὴ
677 676 866 717 δευτερολογίιι

149 719 242 756 ἐστὶν,
267 720 293 750 ἐν
321 718 365 754 αἶς
390 722 425 754 ὡς
449 720 499 750 ἐπὶ
521 720 554 750 τὸ
578 722 716 750 πλεῖστον
741 731 787 750 ουκ
812 720 867 749 εἶσὶ

147 762 296 803 πξοοίμια.
332 765 532 795 Osssopoeus.
560 765 609 793 De
630 764 686 793 hac
712 764 866 793 Orationis

149 813 262 836 nostrae
281 814 368 845 parte
391 808 452 836 vid.
478 807 622 845 Prolegg.
639 806 780 836 fortassis
797 817 866 846 per-

149 849 227 879 tinet
248 860 283 879 ea
308 851 347 879 ad
374 850 427 879 Ol.
447 850 531 880 cviii.
558 852 588 880 ξ).
612 850 677 880 vid.
698 850 814 880 Jacobs
834 860 865 888 p.

151 895 224 922 110.
248 893 375 923 Riinio.

191 941 317 965 nopor
341 935 558 976 ΑΠΟΛΕΙΞιΣ]
585 935 756 974 Dionysius
778 935 865 965 Hali-

148 979 358 1008 carnassensis
376 979 405 1008 in
426 979 525 1018 Epist.
544 978 582 1007 ad
600 981 698 1008 Amm.
715 978 864 1017 reliquam

147 1021 278 1060 hujusce
301 1022 448 1051 orationis
469 1027 583 1061 partem
607 1027 726 1052 sextam
745 1021 865 1061 Philip·

148 1064 248 1102 picam
267 1065 352 1099 facit,
375 1064 582 1094 Themistocle
602 1065 760 1094 Archonte
778 1065 862 1095 habi-

148 1112 218 1136 tam.
243 1107 323 1137 Mihi
337 1113 449 1143 autem,
461 1108 550 1137 sicuti
562 1108 651 1137 etiam
669 1108 789 1137 caeteris
800 1119 863 1137 oni-

146 1150 238 1179 nibus
253 1151 491 1189 Interpretibus,
503 1150 649 1180 naturalis
667 1151 771 1190 primae
789 1152 864 1181 Phi-

144 1192 272 1232 lippieae
288 1193 478 1223 continuatio
500 1194 636 1229 videtur,
651 1205 744 1233 quare
762 1204 813 1224 eas
831 1200 864 1224 nt

145 1236 364 1275 disjungerem,
380 1247 437 1266 non
460 1237 546 1275 potui
570 1236 601 1266 in
620 1238 752 1267 animum
774 1237 864 1267 indu-

145 1289 227 1309 cere.
252 1279 397 1309 Tourrell.
445 1280 517 1310 vid.
547 1280 649 1310 Schol.
678 1282 716 1310 ad
737 1280 779 1310 “A
807 1280 863 1320 μὲν

146 1323 240 1361 ἦμεῖς.
286 1323 450 1362 Equidem,
467 1334 535 1353 cum
545 1324 708 1353 Tourrello
722 1329 753 1353 et
766 1325 862 1353 Scho-

143 1365 234 1395 liaste
251 1377 319 1405 quae
335 1373 501 1405 sequuntur
516 1367 606 1405 hujus
628 1367 775 1396 orationis
792 1377 862 1405 par-

144 1412 206 1437 tem
227 1417 465 1447 consequentem
489 1420 557 1438 esse
580 1420 718 1446 cense03
750 1411 861 1440 nollem

142 1456 242 1480 tamen
264 1452 444 1491 Dionysium
459 1452 529 1482 ideo
543 1454 656 1482 erroris
666 1454 860 1491 redarguere.

145 1495 266 1524 Etenim
283 1495 328 1523 illi
344 1500 376 1523 et
393 1505 447 1523 sna
464 1496 630 1524 auctoritas
647 1502 787 1524 constare
807 1507 860 1534 po-

142 1541 215 1572 test,
235 1545 325 1576 atque
350 1538 415 1566 liaec
436 1537 632 1567 nihilominus
652 1549 739 1567 snum
761 1540 860 1567 adhuc

142 1581 243 1609 locum
262 1580 408 1610 retinere.
455 1581 488 1609 Is
509 1585 629 1609 sextam
653 1580 860 1619 Philippicam

142 1623 351 1653 Themistocle
366 1623 521 1652 Archonte
538 1623 669 1652 habitam
686 1623 781 1652 fuisse
798 1629 860 1653 tra-

141 1666 198 1701 dit,
208 1668 334 1706 ejusque
343 1666 505 1696 exordium
515 1665 724 1704 ΐιιίεςε,“Αμέν
737 1667 830 1705 ἡμεῖς,
839 1664 860 1695 ὦ

141 1708 389 1748 ἄνδρες-Ἀθηναῖοι,
402 1708 572 1747 δεδυνήμεθα
582 1710 672 1749 εὑρεῖν,
684 1708 771 1739 ταῦτ’
780 1709 859 1739 ἔστι.

143 1753 191 1781 Ex
201 1763 238 1782 eo
256 1758 355 1783 autem
371 1763 429 1781 non
447 1752 587 1791 sequitur
596 1752 771 1782 necessario
789 1763 858 1782 eum

140 1795 217 1825 hanc
233 1797 338 1834 primae
359 1795 545 1834 Philippicae
565 1801 683 1835 partem
703 1796 732 1825 in
757 1796 858 1825 animo

141 1839 295 1868 habuisse.
339 1839 471 1868 Solonne
501 1843 550 1868 est
578 1839 657 1869 enim
683 1839 858 1868 oratoribus

140 1883 265 1912 easdem
287 1892 383 1921 prope
406 1882 550 1920 periodos
573 1882 705 1912 diversis
729 1882 757 1910 in
779 1882 858 1911 loois

140 1931 294 1964 repetere.
341 1925 456 1963 Quidni
480 1924 577 1964 igitur
606 1925 765 1954 credamus
790 1935 856 1955 eain

141 1973 258 1997 sextam
282 1968 489 2007 philippicam
516 1968 593 1998 vitio
615 1969 762 2007 temporis
788 1979 858 2007 per-

141 2011 226 2046 iisse,
246 2011 347 2050 potius
361 2022 449 2050 quani
461 2012 549 2049 hujus
562 2010 709 2041 orationis
726 2017 858 2050 partem,

139 2054 366 2094 (imperfectam
387 2056 466 2084 enim
483 2055 546 2093 jam
569 2065 640 2084 esse
661 2054 736 2083 satis
756 2061 858 2084 osten-

141 2098 218 2126 dunt
246 2099 340 2127 verba
368 2098 510 2137 proxime
538 2097 750 2127 antecedentia
779 2096 859 2127 τοῦτ’

141 2139 188 2170 ἤδη
206 2139 295 2181 λέξω)
315 2151 383 2170 011111
400 2141 430 2170 iu
452 2140 539 2170 libris
558 2141 700 2170 omnibns
717 2151 785 2170 cum
803 2141 858 2170 im-

141 2185 258 2222 pressis
274 2190 338 2214 tum
361 2184 472 2220 mstis,
493 2184 586 2222 idque
608 2194 698 2213 sensu
723 2194 857 2213 commo—

142 2227 450 2266 dissimo‚sequentia
459 2227 613 2266 prioribus
626 2226 858 2257 connectantur?

143 2271 285 2300 Momm.
314 2272 379 2309 Ego
395 2269 598 2300 existimarim
615 2271 664 2300 hic
681 2276 858 2309 corruptum

142 2313 238 2342 fuisse
256 2313 399 2352 Dionysii
421 2314 659 2343 Halicarnassaei
677 2319 810 2348 textum,
827 2319 858 2343 et

142 2357 181 2385 ab
193 2356 294 2395 aliqua
306 2356 450 2395 imperita
462 2366 552 2385 manu
568 2358 646 2387 male
663 2357 856 2386 emendatum

141 2399 182 2428 ad
205 2410 260 2429 nos
280 2400 472 2438 pervenisse.
518 2399 612 2429 Plura
628 2410 721 2439 porro
741 2410 790 2428 me
813 2400 858 2428 in—

142 2443 259 2472 ducunt.
281 2443 317 2471 ad
345 2442 387 2471 ita
412 2441 617 2471 sentiendum.
664 2444 706 2472 1⁰.
734 2443 860 2472 Summa

141 2485 860 2524 peritiaetexcellensDionysiiHalicarnassaei

138 2529 302 2566 judicium,
326 2528 379 2567 qui
400 2529 430 2558 in
456 2533 539 2558 tanta
566 2528 610 2557 rei
636 2529 793 2558 evidentia
817 2529 860 2556 ita

143 2572 275 2611 turpiter
295 2581 397 2601 errare
420 2581 478 2600 non
500 2571 613 2609 potuit.
661 2573 705 2600 20.
729 2572 860 2605 Tenus,

144 2618 178 2642 ut
193 2625 226 2643 se
242 2615 345 2649 habet,
361 2614 523 2644 evidenter
538 2618 659 2653 peccat,
675 2614 757 2653 quod
772 2614 860 2642 Wol-

696 2658 774 2686 Nam
801 2657 862 2685 ista

146 2699 323 2738 Philippica
333 2700 379 2729 his
396 2700 497 2729 verbis
512 2700 662 2739 incipiens
676 2699 695 2728 ἃ
710 2699 764 2739 μὲν
780 2701 863 2738 ἡμεῖς

146 2742 311 2772 exhibetur
327 2747 361 2772 ut
372 2748 471 2777 sexta,
487 2753 554 2781 quae
571 2748 671 2772 tamen
685 2754 721 2772 ex
736 2743 803 2781 ipsa
819 2744 862 2772 rei

146 2784 350 2824 inspectione,
366 2796 404 2814 ex
427 2787 498 2824 ipsa
519 2786 637 2815 ratione
657 2796 863 2820 numerorum,

148 2828 242 2858 debet
261 2838 329 2856 esse
351 2828 464 2866 quinta.
497 2830 553 2859 13⁰.
577 2829 731 2867 Denique,
751 2835 782 2858 et.
805 2830 863 2858 1100

150 2871 222 2900 mihi
241 2870 365 2900 videtur
380 2870 528 2900 invictum
550 2877 772 2911 argumentum,
790 2873 864 2901 Dio-

151 2914 256 2952 nysius
278 2913 541 2945 Halicarnassaeus
560 2915 677 2954 liquido
697 2916 771 2945 dicit
792 2926 864 2945 sex-

198 2966 276 2985 vor„
303 2967 322 2986 1.

904 553 976 584 tam‚
994 547 1056 577 imo
1072 547 1209 586 quintam
1227 544 1561 586 Philippicai'n,haberi
1578 544 1617 573 de

903 591 1046 620 custodia
1061 591 1239 620 insularium
1256 594 1287 619 et
1309 591 1467 620 civitatum
1487 588 1519 616 in
1539 588 1617 617 Hel-

902 634 1055 674 lesponto,
1071 634 1131 673 πεξὶ
1147 635 1198 667 τῆς
1213 634 1343 672 φυλακῆς
1353 635 1406 662 τῶν
1419 633 1558 661 νησιωτῶν
1568 629 1617 659 καὶ

902 679 956 705 τῶν
971 675 996 705 ἐν
1017 675 1221 714 Ἑλλησπόντῳ
1240 676 1368 705 mmm:
1391 676 1429 705 de
1452 675 1499 704 his
1516 678 1616 704 autem

901 721 1023 749 omnino
1040 719 1111 749 silet
1130 719 1191 748 ista
1207 718 1384 759 Philippica
1405 728 1493 757 quani
1511 722 1616 747 textus

901 763 943 792 ait
958 763 1094 801 incipere
1110 762 1129 790 ἃ
1144 760 1200 801 μὲν
1216 763 1308 802 ἡμεῖς.
1352 760 1616 791 verisimillimum

901 811 949 835 est
968 806 1062 844 igitur
1082 805 1225 835 amissam
1242 805 1338 835 fuisse
1352 805 1484 844 aliquam
1503 805 1616 833 Demo-

901 849 1018 878 sthenis
1036 848 1244 887 Philippicam
1271 848 1309 878 de
1335 849 1391 878 hac
1414 858 1446 877 re
1469 847 1615 881 habitam,

900 903 967 931 quae
991 892 1136 932 Dionysii
1159 896 1249 922 aetate
1269 896 1438 930 supererat.
1484 890 1536 919 Sic
1561 890 1616 919 ille

899 936 1004 965 rhetor
1020 935 1204 965 mentionem
1227 935 1300 964 facit
1318 935 1447 973 alicujus
1470 932 1617 963 orationis

899 989 966 1018 qnae
978 980 1041 1017 jam
1058 988 1117 1008 non
1133 982 1245 1013 exstat,
1263 978 1292 1007 in
1313 989 1372 1017 qua
1389 976 1616 1007 Demosthenes

899 1022 1085 1052 defendebat
1101 1032 1133 1050 se
1153 1022 1232 1050 dona
1252 1031 1311 1050 non
1334 1021 1504 1059 accepisse,
1528 1020 1614 1049 vide-

899 1065 970 1095 licet
983 1067 1021 1094 ab
1036 1064 1187 1103 Harpalo.
1223 1064 1332 1103 Itaque
1346 1074 1417 1102 pag.
1433 1062 1568 1093 cccxliii.
1585 1073 1616 1091 v.

900 1111 950 1137 11.
968 1108 1029 1138 vol.
1048 1108 1074 1137 I.
1090 1114 1184 1137 nostr.
1207 1108 1256 1137 ed.
1278 1107 1353 1137 mihi
1369 1107 1493 1136 videtur
1511 1107 1617 1144 legen-

898 1151 970 1180 dum
991 1152 1131 1189 πεμπτῆν
1147 1161 1203 1190 pro
1220 1149 1312 1186 ἕκτην,
1326 1155 1358 1180 et
1376 1150 1429 1179 lin.
1445 1151 1508 1185 13„
1523 1159 1579 1188 pro
1596 1148 1615 1176 ἃ

897 1193 952 1233 μὲν
972 1195 1053 1233 ἡμεῖς
1071 1194 1201 1223 deberet
1222 1203 1290 1222 esse
1313 1193 1435 1223 initium
1458 1194 1525 1231 ejus
1546 1201 1615 1230 quae

897 1237 992 1276 periit
1015 1237 1206 1276 Philippicae,
1223 1241 1254 1265 et
1275 1246 1342 1275 quae
1363 1236 1533 1265 habebatur
1553 1234 1615 1273 περὶ

898 1283 949 1314 τῆς
959 1281 1086 1320 φυλακῆς
1102 1282 1157 1309 τῶν
1172 1281 1312 1309 νησιωτῶν
1326 1279 1374 1309 καὶ
1389 1282 1444 1309 τῶν
1455 1278 1479 1308 ἐν
1489 1278 1616 1307 Ἓλλησ-

897 1323 990 1363 πόντῳ
1007 1323 1125 1353 πόλεων.
1148 1324 1288 1353 Αυθειι.

939 1372 1064 1396 1101’0'1·
1083 1366 1299 1406 ΑΠΟΔΗΞῙΣ]
1323 1365 1387 1394 Hic
1408 1364 1616 1404 Γραμματεὺς,

897 1410 964 1439 sive
987 1410 1089 1439 scriba
1107 1410 1242 1447 quidam,
1260 1408 1479 1438 Demosthenis
1500 1408 1539 1436 de
1560 1417 1614 1445 pe-

896 1454 985 1482 cunia
1001 1452 1205 1490 comparanda
1218 1450 1400 1480 sententiam
1412 1451 1535 1489 publice
1546 1460 1614 1488 per-

896 1495 980 1534 legit.
999 1497 1122 1524 Swocn.

939 1538 980 1566 ιίι.
995 1537 1035 1566 “A
1048 1536 1102 1575 μὲν
1115 1536 1212 1576 ἡμεῖς]
1236 1537 1373 1567 Talentis
1388 1538 1438 1567 9⁹2.
1459 1536 1522 1564 fore
1538 1546 1615 1575 opus

895 1580 995 1609 dixit:
1020 1590 1087 1619 quae
1112 1579 1171 1619 (nti
1198 1581 1360 1618 probabile
1388 1579 1454 1619 est)
1480 1580 1614 1618 populus

895 1624 1032 1662 conquiri
1049 1623 1144 1661 jussit.
1158 1633 1175 1651 a
1192 1623 1410 1660 quaestoribus.
1457 1622 1520 1657 Qui
1542 1622 1615 1652 rati-

895 1676 952 1695 one
976 1666 1051 1695 inita
1075 1673 1296 1704 exposuerunt,
1321 1666 1401 1694 unde
1424 1674 1460 1694 ea
1483 1665 1614 1703 pecunia

894 1710 1027 1748 petenda
1036 1714 1131 1738 esset.
1146 1708 1421 1745 catalogus-autem
1434 1708 1472 1737 de
1484 1709 1613 1747 scripto,

895 1757 927 1781 ut
939 1756 1079 1792 apparet,
1088 1751 1306 1786 recitatus,hic
1318 1751 1547 1790 praetermissus
1558 1757 1614 1786 est,

893 1800 968 1825 utet
983 1796 1070 1835 leges
1086 1799 1116 1825 et
1133 1795 1297 1824 decretaet
1313 1795 1499 1829 testimonia,
1513 1798 1543 1823 et
1554 1794 1614 1823 alia

893 1840 1005 1878 scripta
1023 1838 1202 1876 complura:
1226 1848 1293 1876 quae
1310 1839 1400 1867 nobis
1415 1848 1470 1867 nec
1482 1837 1614 1872 inutilia,

892 1893 947 1911 nec
969 1882 1137 1921 injucunda
1156 1881 1238 1910 lectu
1261 1888 1374 1917 essent,
1395 1881 1421 1910 si
1445 1885 1612 1910 exstarent.

892 1924 1013 1955 WoLr.

939 1967 1064 1997 Ἐπειδὰν
1074 1965 1300 2007 ἒπιχειξοτονῗίτε
1313 1969 1367 2001 τὰς
1378 1966 1509 2006 γνώμας]
1537 1966 1611 1996 Cum

892 2013 1047 2041 sententias
1074 2010 1226 2051 suffragiis
1255 2012 1355 2040 vestris
1383 2011 1612 2048 corripi-ohanni-

892 2057 940 2089 tis,
956 2056 1036 2084 facta
1048 2053 1252 2083 discessione:
1279 2052 1367 2083 verbi
1378 2063 1488 2082 causa:
1506 2052 1611 2081 diver-

893 2108 942 2127 sas
960 2097 1127 2127 sententias
1143 2096 1280 2126 dixerint
1294 2097 1530 2130 Demosthenes,
1548 2097 1611 2124 De-

892 2141 1009 2175 mades,
1022 2140 1169 2170 Phocion.
1216 2140 1278 2176 Qui
1294 2140 1390 2178 igitur
1401 2139 1507 2178 plures
1525 2149 1542 2167 e
1555 2149 1610 2177 po-

893 2185 966 2223 pulo
990 2193 1166 2213 assensores
1190 2183 1342 2218 habuerit,
1365 2182 1465 2211 τούτου
1481 2183 1494 2211 ἡ
1511 2183 1608 2220 γνώμη

892 2226 1153 2268 ἐπιχειροτονεῖται.
1178 2227 1282 2255 lum.
1328 2227 1457 2264 Semper
1472 2225 1549 2254 hunc
1566 2226 1611 2254 lo-

892 2281 961 2300 cum
977 2271 1153 2300 mendosum
1168 2279 1236 2299 esse
1253 2269 1427 2308 suspicatus
1441 2277 1526 2303 sum;
1541 2278 1609 2297 eum

892 2314 1017 2343 meliore
1035 2323 1124 2343 sensu
1141 2312 1186 2341 sic
1201 2312 1363 2351 legendum
1380 2315 1473 2349 puto:
1498 2309 1611 2340 ἐπειδὰν

910 2356 917 2365 *D
934 2355 941 2364 θ
1077 2355 1083 2364 Ι
1269 2356 1276 2365 Ι
1376 2353 1555 2363 55555

892 2401 1078 2440 χειροτονῆτε,
1104 2399 1183 2437 quod
1216 2399 1342 2427 verbum
1370 2407 1437 2426 cum
1463 2398 1611 2435 majorem

894 2444 954 2472 vim
975 2443 1083 2471 habeat
1105 2451 1194 2480 quam
1211 2441 1344 2479 simplex
1370 2441 1496 2469 verbnm
1516 2451 1610 2480 χειξο-

894 2486 1155 2522 τονεῖν,111«;ιηῳ10,
1169 2489 1200 2513 nt
1217 2484 1337 2522 opinor,
1349 2483 1521 2522 significare
1537 2493 1611 2521 pos-

896 2528 936 2557 sit
955 2539 990 2557 ac
1012 2528 1037 2556 si
1056 2528 1173 2556 dictum
1193 2531 1277 2556 esset
1299 2525 1474 2567 ἔπικυςοῦτε,
1489 2525 1611 2555 omnino

896 2572 981 2609 sequi
1007 2571 1110 2605 debet,
1135 2580 1193 2599 non
1215 2571 1403 2608 praecedere,
1449 2569 1483 2598 Si
1507 2570 1613 2607 conje-

895 2614 1001 2648 cturis,
1020 2614 1186 2653 praesertim
1210 2614 1297 2648 meis,
1310 2613 1400 2654 venia
1416 2613 1552 2646 daretur,
1570 2612 1612 2640 ita

896 2657 972 2686 hanc
988 2657 1167 2686 sententiam
1181 2657 1388 2695 refingendam
1405 2656 1496 2685 velim
1510 2665 1517 2683 z
1535 2654 1613 2683 ἐπει-

896 2699 944 2728 δὰν
963 2698 986 2727 δ’
1001 2698 1229 2740 ἐχειςοτονήσατε
1250 2701 1305 2732 τὰς
1320 2699 1447 2737 γνώμαις,
1463 2698 1482 2726 ἃ
1497 2698 1529 2726 ἲιν
1545 2697 1614 2735 ὑμῖν

897 2742 1012 2783 ἀξέσκῃ,
1029 2742 1203 2784 ἐπιχειςῆτε.
1248 2743 1313 2771 Pro
1334 2743 1389 2770 hac
1405 2742 1536 2770 lectione
1553 2749 1612 2768 non

897 2796 1015 2824 parum,
1028 2791 1059 2814 ut
1072 2786 1205 2819 videtur,
1217 2785 1332 2814 faciunt
1347 2794 1414 2822 quae
1431 2786 1612 2821 sequuntur,

897 2828 940 2857 ita
952 2830 994 2866 μὴ
1011 2827 1179 2867 μόνον-’ωε
1171 2830 1293 2867 νλεμητε
1312 2824 1461 2864 Φιλίππῳ,
1476 2825 1554 2854 ἀλλὰ
1565 2824 1613 2852 καὶ

898 2874 957 2904 τοῖς
972 2870 1066 2912 ἔργοις.
1114 2873 1212 2901 Locus
1223 2881 1299 2911 pene
1314 2869 1383 2899 huic
1401 2868 1548 2907 gemellus
1561 2877 1614 2896 oc·-

900 2915 979 2944 curit
995 2916 1023 2944 in
1041 2916 1125 2945 Orat.
1144 2915 1182 2944 de
1200 2915 1267 2944 fals.
1286 2915 1347 2951 leg.
1361 2912 1387 2950 ᾗ.
1402 2909 1454 2943 λα’,
1469 2909 1549 2939 ἀλλά
1565 2909 1613 2940 καὶ

906 2960 926 2987 3
945 2968 967 2998 1>
