1824 3171
129 121 208 161 xxii
439 120 472 157 Ι.
499 118 667 159 BERN.
698 118 983 158 FELICIANI
1014 116 1255 159 PRAEFAT.

126 223 247 260 ricum
267 222 461 274 profectus
487 222 534 261 ad
560 223 742 261 undarum
766 222 936 274 fragores
954 222 1108 260 calculis
1133 222 1247 260 etiam
1275 222 1312 259 in
1340 235 1406 261 ore
1429 222 1564 260 sumtis

125 284 377 335 pronunciare
397 285 589 322 orationes
608 285 846 329 asuescebat,
866 297 941 334 quo
962 291 1095 335 postea
1115 291 1154 321 et
1174 283 1312 322 clarius
1330 285 1448 322 verba
1473 297 1566 334 pro-

125 345 254 390 ferret,
283 353 322 384 et
341 346 562 383 tumultibus
590 346 718 396 populi
747 358 822 382 non
851 344 1148 382 exturbaretur?
1177 344 1293 389 Quid,
1314 357 1400 381 curn
1425 344 1563 394 gladiis

126 407 176 445 de
196 414 299 445 tecto
313 407 516 458 suspensis,
534 407 588 444 ita
606 419 717 457 pene,
738 414 780 444 ut
798 407 976 443 humeros
996 406 1239 455 attingerent,
1261 406 1362 442 domi
1381 419 1422 443 se
1441 406 1491 443 ad
1511 406 1563 443 di-

127 468 292 506 cendum
311 469 528 512 exercebat,
549 481 594 505 ne
621 475 729 517 gestu
756 467 901 503 humeri
921 466 1168 516 incomposito
1187 466 1375 504 actionem
1395 479 1562 504 corrum-

125 537 248 581 peret,
268 542 394 567 nonne
414 530 557 566 animos
576 529 767 565 hominum
781 527 910 578 capit?
940 527 1056 564 Hanc
1071 527 1184 577 igitur
1195 527 1562 577 pronunciationem,

127 591 188 628 cui
208 590 399 640 praecipue
420 590 489 627 sibi
509 589 805 626 incumbendum
833 588 982 626 censuit
1007 588 1069 626 hic
1094 595 1238 633 auctor,
1259 590 1445 639 cujusque
1464 601 1565 639 prae-

127 651 239 702 cipue
266 651 423 701 gloriam
443 650 593 687 videtur
613 650 853 700 appetivisse,
879 649 1116 699 praecipuum
1137 662 1288 700 quoque
1307 649 1345 685 in
1372 652 1454 697 ejus
1479 661 1564 686 ora-

126 713 291 750 tionibus
310 712 436 749 locum
455 711 626 748 obtinere
647 711 941 748 existimandum
961 717 1032 756 est,
1052 717 1093 748 ut
1109 723 1194 747 cum
1213 723 1277 748 eas
1295 710 1471 761 legimus,
1485 722 1564 747 non

126 773 242 811 modo
263 773 412 810 coeteris
433 772 590 809 aliorum
619 772 784 809 omnium
812 778 1101 822 anteponamus,
1130 772 1198 809 sed
1217 771 1306 823 quia
1332 771 1564 822 pronuncia-

126 834 269 871 tionem
289 833 453 870 auctoris
472 832 596 870 animo
616 832 861 883 concipimus,
881 832 979 883 ipsas
998 845 1039 869 se
1058 832 1147 882 ipsis
1168 845 1322 882 quoque
1341 845 1422 870 esse
1450 832 1567 870 admi-

126 895 319 932 rabiliores
340 893 566 941 judicemus,
592 901 631 930 et
656 893 755 943 plus,
775 905 888 943 quam
915 892 1098 942 legamus,
1123 892 1391 943 intelligamus,
1415 899 1454 929 et
1473 893 1568 930 licet

126 968 201 992 vox
218 958 296 1002 ejus
316 967 392 991 non
412 953 596 998 audiatur,
616 965 768 1003 semper
782 959 911 990 tamen
929 952 1133 991 adversarii
1152 956 1232 1002 ejus
1251 966 1347 990 voce
1370 952 1436 990 illa
1454 965 1567 990 aures

125 1023 266 1054 nostrae
285 1022 503 1066 personent,
524 1014 614 1065 quid
637 1014 668 1052 si
687 1014 811 1065 ipsum
831 1013 1049 1051 audiremus
1061 1013 1080 1050 P
1107 1020 1150 1051 ut
1167 1026 1244 1051 non
1269 1014 1458 1052 immerito
1477 1013 1567 1052 Ma-

127 1077 317 1115 cedonum
341 1089 408 1112 rex
434 1075 642 1125 Philippus,
665 1082 798 1112 contra
816 1087 930 1124 quem
960 1073 1100 1112 acriter
1124 1086 1274 1125 semper
1301 1074 1568 1120 invehebatur,

127 1151 213 1175 cum
231 1137 265 1174 ei
283 1136 455 1174 recitatae
475 1136 664 1174 orationes
684 1135 818 1186 aliquae
836 1137 917 1185 ejus
933 1142 1074 1180 essent,
1096 1148 1222 1185 neque
1242 1149 1283 1173 se
1302 1136 1415 1173 alium
1434 1148 1565 1186 quem·-

125 1199 240 1249 piam,
261 1211 373 1248 quam
390 1197 525 1248 ipsum,
545 1196 584 1233 in
602 1197 705 1235 bello
725 1196 924 1234 adversum
943 1209 985 1233 se
1005 1196 1261 1234 consultorem
1278 1196 1396 1233 fuisse
1420 1197 1567 1234 electu-

127 1273 212 1296 rum
233 1258 384 1296 dixerit.
405 1258 673 1308 orationesque
692 1257 794 1308 ipsas
815 1257 865 1294 ob
883 1256 958 1294 vim
977 1256 1150 1302 actionis,
1173 1270 1284 1308 quam
1312 1270 1389 1308 prae
1409 1270 1449 1295 se
1467 1257 1571 1294 sere-

126 1321 232 1365 bant,
253 1333 338 1357 cum
359 1318 536 1356 Isocratis
555 1317 737 1369 quasdam
763 1317 914 1355 athletis
943 1330 965 1355 e
994 1317 1171 1368 palaestra
1198 1317 1338 1355 similes
1360 1318 1429 1355 sibi
1449 1317 1569 1355 videri

127 1381 363 1426 asseruisset,
385 1379 562 1417 militibus
583 1379 826 1430 comparavit,
847 1378 989 1429 quippe
1008 1391 1093 1415 cum
1113 1378 1167 1416 ita
1186 1386 1348 1429 urgeant
1367 1392 1448 1416 rem
1467 1391 1568 1416 sem-

127 1456 208 1494 per,
230 1442 283 1479 ita
310 1442 464 1486 instent,
485 1440 536 1478 ita
555 1453 646 1477 vero
673 1439 894 1484 certamine,
915 1446 955 1476 et
974 1451 1050 1475 non
1069 1439 1260 1476 umbratili
1285 1452 1437 1490 semper
1456 1446 1568 1476 utan-

127 1511 201 1549 tur,
236 1510 278 1540 ut
303 1510 447 1540 terrere
473 1501 632 1539 veritate
661 1501 743 1551 ipsa
773 1507 812 1537 et
840 1513 980 1549 cogere
1010 1499 1225 1538 videantur.
1282 1500 1452 1538 Tametsi
1477 1499 1570 1537 mihi

129 1564 281 1616 quidem
310 1565 435 1608 etiam,
466 1563 555 1600 dum
583 1563 670 1612 lego
692 1562 1009 1607 Demosthenem,
1037 1575 1219 1613 arrogans
1248 1562 1312 1599 illa
1332 1562 1503 1613 Gorgiae,
1529 1568 1570 1600 et

129 1627 366 1676 Protagorae,
397 1625 630 1675 aliorumque
649 1631 822 1661 veterum
850 1623 1103 1674 sophistarum
1131 1623 1314 1674 professio
1338 1636 1414 1660 non
1439 1623 1570 1661 admo-

128 1688 218 1726 dum
238 1687 402 1725 absurda
427 1693 600 1737 apparet,
627 1685 690 1736 qui
718 1684 909 1735 discipulis
936 1684 1012 1722 suis
1039 1684 1320 1735 pollicebantur
1339 1697 1380 1722 se
1401 1697 1467 1722 eos
1486 1697 1572 1722 esse

128 1757 209 1786 arte
230 1762 297 1786 sua
316 1747 480 1786 civilium
503 1746 815 1797 agendarumque
831 1758 958 1783 rerum
979 1745 1123 1796 peritos
1144 1759 1229 1783 esse
1249 1745 1461 1783 effecturos.
1481 1758 1569 1783 nam

128 1810 158 1847 si
186 1810 225 1847 id
243 1809 459 1859 intelligere
480 1807 675 1853 volebant,
703 1806 733 1844 si
761 1806 844 1857 quis
866 1813 973 1844 recte
1002 1814 1198 1857 praecepta
1225 1806 1314 1844 artis
1342 1806 1478 1844 fuisset
1509 1819 1571 1844 se-

129 1878 254 1915 cutus,
276 1877 391 1920 atque
419 1882 470 1907 ex
498 1881 630 1907 eorum
649 1867 902 1919 praefinitione
932 1868 970 1904 in
999 1867 1214 1906 civitatibus
1242 1875 1457 1919 opportune
1476 1867 1571 1905 deli-

129 1932 357 1977 berationes,
379 1938 418 1968 et
433 1930 593 1981 judicia,
615 1929 675 1967 vel
696 1929 808 1967 etiam
824 1929 1166 1968 demonstrationes
1186 1937 1468 1981 pertractasset,
1483 1942 1572 1967 eum

126 2008 205 2033 non
225 1994 456 2032 mediocrem
477 1993 625 2031 civilem
643 1992 815 2043 peritiam
835 1991 874 2029 in
895 1991 1127 2030 orationibus
1147 1991 1222 2029 suis
1237 2005 1316 2042 prae
1337 2004 1379 2029 se
1393 1992 1571 2037 laturum,

128 2056 211 2107 quis
229 2069 306 2093 non
325 2055 439 2100 videt,
460 2061 504 2092 ut
522 2053 689 2091 omittam
709 2053 859 2090 interim
879 2053 1107 2091 inventionis
1127 2065 1300 2098 acumen,
1319 2052 1572 2103 dispositionis

129 2124 218 2168 apta
244 2123 452 2165 momenta,
472 2114 695 2153 elocutionis
715 2114 1004 2160 diluciditatem,
1025 2122 1063 2152 et
1082 2114 1322 2164 gravitatem,
1342 2126 1388 2151 ac
1418 2113 1571 2150 demum

129 2178 290 2216 actionis
309 2189 492 2214 summam
510 2177 598 2221 vim,
617 2188 693 2226 qua
711 2182 891 2225 tanquam
918 2175 1052 2225 spiritu
1074 2175 1242 2225 quodam
1270 2174 1415 2225 reliqua
1443 2174 1572 2212 omnia

130 2247 257 2277 noster
276 2238 337 2276 hic
361 2244 487 2275 orator
507 2236 698 2282 animavit,
719 2243 864 2273 tantam
883 2235 921 2272 in
939 2235 1087 2286 scriptis
1116 2238 1197 2284 ejus
1223 2235 1271 2273 ad
1289 2235 1375 2272 vitae
1394 2235 1572 2273 humanae

130 2300 320 2339 actionem
342 2298 608 2350 pertinentium
627 2296 898 2335 sententiarum
920 2296 1070 2347 copiam
1090 2296 1228 2342 inesse,
1245 2304 1286 2334 ut
1305 2296 1572 2347 sapientissimi

132 2361 343 2413 philosophi
362 2372 519 2397 munere
541 2358 648 2409 fungi
666 2357 867 2395 videatur?
893 2363 1037 2394 tantam
1061 2369 1207 2394 morum
1227 2357 1434 2402 civitatum,
1456 2363 1494 2394 et
1513 2369 1573 2395 re-

133 2437 216 2460 rum
236 2422 469 2474 publicarum
487 2419 820 2458 administrationis
840 2418 1025 2469 peritiam,
1051 2418 1151 2455 unde
1179 2417 1279 2456 salus
1306 2418 1394 2468 ipsis
1420 2431 1572 2469 compa-

135 2491 252 2528 retur,
274 2483 375 2520 unde
396 2481 599 2532 periculum
621 2487 660 2518 et
684 2480 869 2531 pernicies
889 2479 1121 2530 impendeat,
1141 2486 1184 2516 ut
1210 2492 1257 2517 ex
1286 2482 1366 2528 eius
1395 2479 1573 2525 lectione,

134 2545 164 2583 si
194 2544 275 2595 quis
295 2543 495 2592 diligenter
521 2541 702 2586 advertat,
732 2548 821 2584 tarn,
851 2553 949 2591 pene
970 2540 1145 2585 dixerim,
1167 2540 1216 2577 ad
1243 2553 1304 2577 res
1330 2541 1499 2589 agendas
1518 2541 1574 2577 in-

137 2613 301 2645 structus
322 2604 576 2654 unusquisque
596 2603 713 2653 possit
732 2602 944 2647 discedere,
962 2614 1074 2652 quam
1088 2614 1133 2638 ex
1149 2601 1280 2651 quovis
1293 2601 1574 2639 accuratissimo

137 2666 344 2704 historico?
375 2665 452 2702 Sed
471 2664 552 2701 haec
571 2665 771 2708 hactenus,
797 2676 844 2700 ne
871 2663 1021 2713 ineptus
1051 2662 1255 2707 existimer,
1277 2662 1306 2699 si
1335 2661 1466 2699 laudes
1493 2663 1575 2712 ejus

138 2727 300 2766 dicendo
330 2726 515 2763 illustrare
543 2725 673 2762 videar
691 2724 801 2768 velle,
831 2723 895 2775 qui
922 2723 1085 2761 dicendo
1118 2723 1282 2761 omnium
1313 2736 1410 2773 pene
1444 2723 1575 2761 laudes

139 2788 366 2827 obscuravit.
405 2788 504 2824 Haec
524 2787 622 2824 enim
643 2798 689 2823 ca
708 2785 755 2822 de
772 2797 887 2823 causa
905 2785 1007 2822 dicta
1022 2797 1044 2822 a
1059 2797 1118 2822 me
1139 2791 1236 2829 sunt,
1257 2791 1297 2821 ut
1318 2784 1573 2834 eloquentiam

140 2851 239 2889 sicut
259 2849 409 2901 propria
427 2848 539 2886 laude
558 2847 809 2886 fraudandam
830 2859 905 2884 non
925 2859 1022 2893 esse,
1043 2846 1093 2884 ita
1118 2858 1185 2884 sua
1205 2850 1348 2882 tantum
1364 2858 1472 2896 posse
1492 2858 1576 2884 esse
