1824 3171
576 180 650 218 AD
682 178 1146 218 DEMOSTHENEM.
1508 183 1587 221 clix

132 284 355 331 mosthenis,
385 281 602 322 secundum
632 281 940 321 distributionem
959 280 1070 319 Pauli
1100 280 1285 327 Manutii,
1314 295 1382 321 seu
1410 283 1595 324 Feliciani

132 351 271 403 potius,
302 353 437 398 quarta
466 345 562 382 vitas
592 344 879 390 Demosthenis,
902 343 1035 381 Wolfii
1064 350 1189 390 notam,
1222 352 1262 381 et
1291 346 1592 396 gnomologiam,

135 409 366 462 Ulpianique
386 406 695 451 commentarios,
718 406 852 457 quinta
879 404 1148 442 translationes
1177 405 1417 455 quarundam
1448 407 1592 443 Demo-

133 472 390 513 sthenicarum
422 476 513 506 ante
544 468 729 506 WVolfium
756 481 826 519 per
856 466 979 505 varios
1005 465 1122 503 latine
1143 466 1379 504 redditarum
1410 467 1596 505 continet.

134 535 326 572 Videntur
353 544 404 569 ex
424 531 499 568 hac
525 530 692 568 editione
713 533 947 578 conjecturae
964 528 1142 579 quaedam
1161 528 1366 566 VVolfianee
1392 528 1431 565 in
1460 528 1597 578 margi-

132 608 222 634 nem
253 592 437 631 Parisinae
467 599 507 630 et
539 592 579 629 in
610 592 776 630 indicem
805 588 996 636 Lambini,
1028 589 1212 627 Parisinae
1243 590 1477 638 subjectum,
1509 602 1594 627 esse

132 655 341 695 translatae.

185 717 318 755 Wolfii
346 716 611 766 interpretatio
639 715 784 767 prodiit
811 728 941 753 rursus
962 713 1136 751 Venetiis
1166 713 1213 751 A.
1235 717 1351 753 1550.
1381 714 1500 752 tribus
1528 727 1595 752 vo-

131 779 350 824 luminibus,
370 778 509 815 iterum
526 778 692 816 Basileae
720 779 767 817 A.
791 781 909 816 1554.
930 777 969 813 in
993 779 1055 814 12.
1085 789 1133 813 ex
1153 776 1286 813 Wolfii
1314 776 1595 827 recognitione.

134 841 243 879 Idem
265 841 316 878 A.
333 842 449 878 1569.
468 839 632 878 Basileae
648 839 847 891 specimen
864 837 1140 876 Demosthenis
1157 850 1180 875 a
1194 851 1235 875 se
1248 838 1386 875 iterum
1408 837 1598 888 recogniti

132 902 255 951 dedit,
281 902 320 938 in
345 905 432 939 8vo.
460 901 563 951 apud
591 901 855 952 Herwagium,
876 900 1077 938 continens
1104 906 1255 937 tantum
1276 900 1467 938 orationes
1488 900 1597 951 olyn-

134 965 282 1004 thiacas
298 972 377 1002 tres
398 970 436 1002 et
452 964 570 1001 vitam
589 964 863 1001 Demosthenis
885 970 925 1001 et
945 962 1133 1000 AEschinis
1152 975 1280 1012 graece
1301 970 1339 1000 et
1357 963 1486 1008 latine,
1509 975 1599 1000 cum

133 1026 446 1066 annotationibus
466 1026 748 1077 copiosissimis,
770 1039 855 1077 quae
876 1025 1004 1063 omnia
1029 1032 1117 1062 sunt
1145 1024 1185 1060 in
1208 1023 1375 1062 editione
1395 1024 1521 1069 tertia,
1543 1024 1597 1060 A.

135 1091 251 1129 1572.
267 1088 429 1138 prodita,
451 1088 501 1125 de
522 1101 597 1138 qua
617 1088 734 1138 paulo
754 1094 841 1138 post
860 1087 1024 1131 dicetur,
1040 1086 1275 1123 verbotenus
1297 1086 1473 1136 repetita.
1529 1084 1594 1122 In-

133 1150 252 1200 signis
272 1150 345 1187 hoc
366 1149 416 1187 de
435 1149 644 1199 specimine
665 1149 771 1186 locus
799 1147 942 1198 legitur
962 1147 1234 1185 Demosthenis
1255 1147 1439 1186 VVolfiani
1460 1146 1509 1186 T.
1526 1145 1594 1184 VI.

132 1226 171 1264 p.
191 1214 284 1250 200.
303 1224 337 1250 a.
355 1217 461 1249 totus
479 1211 774 1257 adscribendus,
791 1210 824 1247 si
844 1217 1014 1247 vacaret.

707 1365 876 1407 SECT.
909 1365 1022 1407 VII.

632 1474 693 1511 De
720 1475 876 1511 editione
906 1473 1094 1510 Parisina.

189 1575 425 1613 Succnssm
447 1575 566 1613 editio
588 1576 755 1613 omnium
776 1577 826 1614 ad
847 1576 886 1613 id
905 1576 1092 1628 temporis
1120 1576 1431 1627 splendidissima
1451 1584 1488 1615 et
1513 1590 1599 1628 per-

133 1637 343 1676 fectissima
364 1637 517 1675 Parisiis
538 1639 590 1675 A.
617 1641 732 1679 1570.
755 1638 791 1675 in
811 1638 916 1684 folio,
935 1652 1020 1690 quae
1037 1638 1141 1689 quod
1163 1639 1308 1675 fundus
1335 1647 1392 1676 est
1423 1640 1601 1677 editionis

131 1706 288 1744 nostrae,
304 1699 474 1750 pluribus
496 1699 544 1736 de
566 1712 613 1736 ea
627 1699 718 1736 mihi
739 1699 948 1737 dicendum
965 1707 1036 1738 est.
1096 1700 1211 1737 Soleo
1231 1700 1335 1737 illam
1354 1702 1471 1738 modo
1491 1701 1599 1738 Pari-

129 1761 266 1806 sinam,
287 1760 403 1797 modo
423 1760 684 1807 Lutetianam,
706 1767 748 1798 ut
766 1762 835 1799 sub
857 1762 999 1813 stylum
1019 1762 1139 1807 venit,
1159 1762 1365 1813 appellare.
1400 1762 1596 1813 Taylorus

132 1835 218 1860 eam
233 1822 460 1873 plerumque
475 1822 719 1860 Benenatum
733 1823 916 1874 appellat,
937 1823 1038 1874 quod
1058 1823 1152 1860 illud
1166 1824 1401 1874 exemplum,
1422 1838 1497 1874 quo
1515 1824 1598 1875 ipse

132 1890 315 1929 uteretur,
345 1884 501 1921 Ioannis
522 1885 714 1922 Benenati
747 1885 977 1936 typographi
1005 1898 1146 1923 nomen
1171 1885 1211 1922 in
1241 1886 1352 1923 titulo
1379 1885 1596 1936 praeferret.

135 1946 274 1997 Coepta
292 1945 420 1983 fuerat
440 1946 527 1983 haec
549 1946 666 1984 editio
688 1947 739 1984 A.
764 1950 881 1985 1558.
909 1960 931 1984 a
952 1946 1160 1984 Guilielmo
1182 1946 1364 1994 Morelio,
1384 1948 1453 1985 sed
1475 1954 1598 1986 morte

133 2010 229 2055 ejus,
244 2014 283 2044 et
297 2007 406 2044 bellis
423 2007 595 2045 civilibus
616 2007 844 2058 interrupta,
862 2008 927 2045 diu
949 2021 1035 2045 cum
1049 2008 1247 2059 jacuisset,
1271 2022 1372 2046 anno
1395 2012 1511 2050 1570.
1530 2009 1597 2047 de-

132 2081 237 2105 mum
267 2068 422 2118 prodiit,
449 2069 555 2119 quod
585 2070 796 2121 Dionysius
819 2070 1032 2108 Lambinus
1066 2071 1104 2107 in
1134 2071 1426 2121 praefationibus
1460 2072 1599 2110 iterum

132 2137 249 2180 atque
264 2130 400 2167 iterum
420 2130 604 2176 inculcat,
621 2135 728 2180 cujus
748 2133 866 2169 verba
885 2132 974 2182 quia
993 2132 1107 2182 paulo
1125 2133 1339 2183 copiosiora
1353 2141 1453 2179 sunt,
1468 2147 1598 2185 operae

131 2204 251 2242 parco
272 2191 531 2229 adscribendi.
586 2193 724 2230 Multis
745 2193 970 2244 magnisque
1001 2193 1179 2232 laudibus
1206 2194 1291 2232 haec
1313 2195 1431 2233 editio
1450 2196 1598 2246 priores

131 2260 285 2305 superat
304 2266 448 2298 omneS,
470 2254 541 2291 sed
559 2268 688 2306 neque
705 2268 834 2292 rursus
853 2255 952 2293 vitiis
973 2263 1103 2301 caret;
1132 2256 1170 2293 id
1192 2257 1296 2307 quod
1316 2271 1337 2296 e
1367 2265 1499 2296 nostra
1523 2258 1597 2296 hac

130 2316 370 2367 praefatione,
395 2315 465 2353 sed
494 2329 515 2353 e
545 2317 643 2354 libro
664 2316 891 2354 variantium
923 2317 1089 2355 maxime
1110 2319 1314 2356 constabit.
1371 2319 1451 2357 Hic
1479 2320 1598 2358 histo-

129 2377 224 2415 riam
245 2380 326 2426 eJus
346 2384 563 2416 contexam.
619 2378 723 2416 Fatis
744 2378 929 2417 defuncto
953 2379 1136 2425 Morello,
1159 2380 1222 2431 qui
1244 2380 1316 2418 fuit
1334 2381 1597 2432 typographus

130 2440 273 2491 regius,
295 2440 411 2477 homo
437 2452 586 2490 pauper
615 2439 784 2492 quidem,
806 2448 907 2478 teste
937 2441 1141 2487 Lambino,
1163 2442 1233 2479 sed
1254 2442 1392 2480 doctus
1422 2450 1461 2480 et
1480 2443 1597 2494 frugi,

130 2516 220 2542 cum
247 2502 484 2554 pervenisset
513 2516 610 2553 opus
639 2502 687 2541 ad
714 2503 928 2541 orationem
951 2503 1000 2541 de
1020 2503 1117 2542 Falsa
1141 2503 1350 2553 legatione,
1375 2506 1501 2553 jacuit
1528 2518 1599 2555 per

131 2579 268 2604 novem
299 2578 419 2604 annos
436 2572 474 2603 et
491 2565 589 2616 plus,
612 2565 738 2603 donec
755 2565 990 2611 Benenatus‚
1005 2565 1249 2603 matrimonio
1273 2579 1359 2603 cum
1375 2566 1490 2604 vidua
1506 2566 1598 2604 Μο-

130 2628 215 2667 relli
241 2634 454 2672 contracto,
483 2626 602 2665 totius
631 2626 872 2664 instrumenti
901 2627 1170 2678 typographici
1197 2627 1308 2665 heres
1329 2635 1370 2665 et
1399 2628 1489 2665 artis
1509 2642 1597 2666 suc-

133 2703 264 2728 cessor
282 2689 422 2734 factus,
444 2689 494 2726 ad
523 2688 828 2726 continuandum
850 2695 889 2726 et
917 2688 1185 2739 peragendum
1213 2702 1311 2740 opus
1338 2689 1505 2727 animum
1528 2691 1595 2728 ad-

128 2751 234 2800 Jecit.
290 2751 329 2789 Is
350 2750 576 2801 Dionysium
597 2750 830 2788 Lambinum
851 2750 957 2795 adiit,
978 2763 1131 2800 rogans,
1153 2757 1196 2788 ut
1217 2750 1426 2789 editionem
1445 2760 1597 2790 curaret

136 2819 252 2863 atque
270 2812 516 2863 gubernaret,
536 2825 672 2849 verum
700 2825 747 2850 ea
772 2825 861 2850 cum
891 2812 1084 2858 cautione,
1102 2825 1152 2850 ne
1181 2813 1276 2863 quid
1299 2813 1382 2864 ipse
1408 2827 1478 2852 suo
1498 2815 1597 2852 arbi-

137 2879 238 2911 tratu
257 2873 296 2910 in
314 2880 424 2911 texto
444 2880 624 2919 mutaret,
640 2873 711 2912 sed
731 2872 900 2924 vulgatae
920 2873 1139 2911 inhaereret.
1195 2874 1258 2912 Ita
1277 2875 1439 2912 schedas
1464 2876 1598 2914 More-

135 2934 256 2973 lianas
274 2933 485 2974 Lambinus
505 2935 546 2974 in
564 2935 736 2975 ordinem
756 2935 988 2988 composuit,
1011 2935 1075 2988 qui
1105 2935 1299 2987 geminam
1323 2936 1489 2988 praefixit
1515 2937 1597 2978 edi-
