1824 3171
418 203 962 248 ΟΛὙΝΘΙΑΚΟΣ
1022 203 1079 243 Γ.

1142 192 1244 259 (Β.)
1488 188 1561 241 65

109 317 526 412 καταστρεψαμένῳ
567 342 674 386 προς
707 341 862 371 ταυτα
903 316 1127 369 επικλῖνοιι
1164 313 1226 366 τοὶ
1266 312 1562 405 πράγματα.

40 407 90 442 31
109 393 242 444 αἷλλοὶ
272 393 357 463 μην
382 416 415 443 ει
452 417 520 451 τις
552 416 667 462 υμων
701 392 757 450 εἷς
783 413 913 443 τουτο
939 389 1255 441 οἷνοιζοὶλλετοιι
1282 386 1472 446 ποιήσειν
1499 386 1562 437 τοὶ

109 464 280 528 δέοντα,
299 464 394 517 ἰδεῖν
416 465 597 532 ἔγγυθεν
624 466 841 526 βούλεται
863 489 926 516 τοι
914 462 1076 524 δεινα,
1099 460 1244 527 εξον’
1214 462 1381 512 ακούειν
1402 458 1567 511 οἵλλοθι

108 562 367 609 γιγνομενοι,
390 563 466 591 και
498 541 709 601 ζοηθους
693 542 833 606 eoam-c}
854 537 1013 610 ζητεῖν,
1037 535 1132 601 ἓξον
1160 538 1225 587 νῦν
1232 535 1404 627 ἑτέροις
1429 532 1565 584 αὕτον

108 614 351 674 Bon-3⁶51*

368 637 433 664 ΟΤί
464 638 554 688 ’γαρ
583 613 641 672 Εἷς
667 637 795 665 'TOUTO
825 634 1178 702 wfipcffrnfferaet
1182 634 1244 660 7·oe
1277 630 1564 698 πραγματῦὀ,

106 710 181 738 Εαν
211 711 273 737 7·oe
302 711 512 779 woeeOVTOC
540 686 788 779 προωμεθα,
813 683 1024 752 σχέδθνη
1003 707 1131 754 ισμεν
1157 705 1362 740 0671‘0611755·
1389 679 1436 741 δή
1461 703 1566 731 7r0t1.

192 761 209 780 Ι

107 857 378 904 εγνωκοιμεν,
407 859 484 887 και
523 834 821 905 βοηθήσομεν

180 784 216 811 ε.
257 760 388 812 ΗΑλλ
415 760 484 812 σ’τι
512 786 590 830 μεν
625 760 672 822 οη
709 758 776 812 δεῖ
805 761 1005 821 βοηθεῖν,
1044 758 1156 810 εἴποι
1196 781 1262 815 τις
1297 754 1368 817 ἀν,
1396 774 1569 813 παντες

852 858 904 885 το
932 831 1032 885 &a
1010 856 1147 895 οπως,
1178 854 1310 883 τουτο
1336 830 1462 895 λεγε.
1501 852 1566 897 μη

110 931 266 971 τοινυν,
295 934 325 960 ω
306 907 502 984 ἄνδρες
520 909 753 971 Αθηναῖοι,
780 906 1128 978 θαυμασητε,
1095 914 1149 957 ἀν
1176 900 1428 979 παράδοξον
1456 900 1566 954 εἶπω

731 1026 739 1044 ¹
763 1023 805 1054 ἔτι
822 1022 876 1063 μὲν
893 1035 946 1063 γαρ

150 1104 218 1146 Πξός
253 1107 352 1137 ταῦτα
383 1106 524 1138 ἐπικλῖναι
563 1111 603 1138 τὸ.
634 1107 817 1148 πράγματα]

108 1147 272 1190 Ἐπιχειρεῖν
287 1162 322 1180 τη
339 1150 470 1201 Ἀττικῇ.
487 1151 626 1181 ἐπικλῖναι
650 1151 744 1190 ὥσπερ
764 1161 820 1180 πα-

109 1192 290 1231 ρατροιπὲντα
305 1195 358 1222 τοῖν
379 1192 443 1232 πξός
467 1205 530 1226 τους
555 1193 709 1233 βαρβάρους
733 1192 819 1222 πολέ-

107 1233 240 1274 μων,ἐπι
255 1247 319 1268 τους
327 1234 514 1269 Ἀθηναίους
503 1238 634 1275 οξμῆσαι.
653 1236 818 1274 1.Οῌηίὴ,

107 1275 152 1309 τίς
169 1276 252 1308 αὐτὸν
274 1278 395 1308 κωλύσει
424 1277 545 1318 Βαδίζειν
574 1278 642 1308 δ’ωοι
674 1278 819 1310 βούλεται.

107 1319 233 1350 Wozr.
503 1342 505 1344 -

151 1360 361 1394 Ἀναςάλλεται
375 1363 496 1394 ποιήσειν
511 1366 550 1394 τὰ
572 1362 682 1403 δέοντα]
706 1364 821 1393 Obser-

108 1409 197 1434 vetur
212 1407 399 1436 constructio
415 1417 482 1435 cum
500 1407 601 1436 futuro
618 1410 648 1436 et
665 1407 730 1435 sine
748 1406 820 1435 arti-

108 1447 198 1482 culis,
221 1449 302 1487 quod
327 1449 447 1487 quidem
471 1450 613 1488 frequens
640 1454 686 1478 est
708 1450 821 1479 Demo-

109 1490 222 1526 stheni,
238 1501 305 1520 cum
327 1491 486 1521 infinitivis
503 1492 571 1521 loco
591 1492 742 1521 nominum
763 1492 820 1521 uti-

108 1536 170 1561 tur.
224 1534 376 1563 Fortassis
411 1535 502 1563 etiam
532 1535 667 1568 dubites,
698 1545 732 1563 an
765 1544 820 1572 pro

109 1574 242 1612 ποιήσειν,
257 1576 319 1615 legi
344 1578 443 1615 possit
467 1577 663 1616 participium
681 1577 819 1607 wenis-mv.

107 1617 259 1648 Usitatius
271 1618 330 1648 dioi
343 1621 508 1649 videretur:
520 1620 717 1652 ἀναβάλλεται
730 1619 744 1649 ἢ
756 1620 820 1648 ἀνα-

107 1660 243 1693 &azera-aa
268 1660 300 1690 τό
325 1664 418 1692 ’τσοιεῖν
438 1661 451 1692 ἢ
469 1662 502 1691 τὸ
524 1665 639 1692 ποιῆσαι
660 1664 700 1691 τὰ,
715 1661 822 1697 δέοντα,

108 1701 256 1740 τουτέστι,
271 1704 320 1733 ’τί-,ν
331 1704 450 1739 ποίησιν,
463 1706 498 1737 ὡς
512 1705 617 1740 εἰπεῖν,
631 1707 684 1733 τῶν
699 1704 820 1734 δεόντων.

107 1746 211 1776 IDEM.
362 1779 368 1783 -

150 1791 196 1819 Τιὶ
212 1788 297 1828 δειναὶ]
320 1787 371 1818 Τὲν
386 1788 509 1828 πόλεμον
532 1788 580 1817 καὶ
602 1790 643 1818 τὰ
665 1787 697 1818 ἐκ
721 1787 822 1818 τούτου

107 1830 215 1871 φοβερὰ,
225 1831 273 1861 καὶ
288 1831 428 1872 βλαβεροὶ.
451 1833 556 1862 IDEM.

147 1872 274 1904 Ἀλλοθι
288 1874 452 1915 γιγνόμενα]
477 1875 512 1904 In
535 1874 644 1903 finibus
661 1874 698 1904 Ol
702 1874 821 1914 ynthio-

109 1926 193 1955 rum;
218 1917 300 1956 vulg.
315 1916 419 1955 γινόμ.,
442 1918 494 1946 sed
516 1917 591 1946 illud
609 1921 671 1946 tum
687 1927 726 1946 ex
743 1917 821 1947 Cod.

110 1970 153 1996 a„
167 1965 229 1989 tum
248 1970 287 1989 ex
304 1960 406 1989 Bekk.
424 1959 543 1988 Anecd.
558 1970 590 1998 p.
608 1961 690 1994 135..
709 1960 762 1989 ubi
776 1964 822 1988 to-

111 2006 160 2031 tus
176 2002 226 2031 hic
240 2002 327 2031 locus
343 2001 495 2035 laudatur,
511 2001 642 2040 praetuli.
671 2003 796 2032 Rumo-

147 2043 218 2073 ’Ὁτι
234 2044 302 2084 γᾶς]
327 2045 427 2074 Wolf.
440 2044 548 2074 Reisk.
566 2045 680 2082 Anger.
696 2055 735 2073 ex
749 2044 820 2074 Ald.

110 2092 181 2125 post
196 2086 238 2116 ἔτι
261 2087 506 2125 interposuerunt
529 2084 593 2126 μὲν,
611 2087 690 2125 quod
715 2097 731 2115 a
748 2091 820 2116 cett.

110 2129 188 2159 libb.
204 2130 289 2159 abest
301 2135 331 2159 et
347 2140 386 2158 ex
404 2129 470 2159 init.
484 2129 509 2168 §.
522 2129 543 2158 ἑ.
567 2134 665 2158 ortum
682 2130 820 2160 videtur:

110 2176 195 2201 recte
212 2172 344 2202 Bekker.
359 2172 486 2201 delevit.
510 2173 616 2202 Imm.

153 2213 176 2244 έ.
191 2213 273 2244 Ἀλλ’
286 2214 328 2244 δ’τι
343 2214 398 2254 μὲν
413 2215 442 2245 δὴ
465 2214 523 2254 δεῖ]
548 2215 717 2250 Hactenus,
733 2225 821 2253 opem

109 2257 264 2287 serendam
280 2268 348 2287 esse
365 2258 535 2296 Olynthiis,
550 2258 619 2296 quia
637 2264 667 2287 et
682 2267 823 2287 necessa-

109 2298 188 2329 rium
204 2301 255 2336 sit,
271 2300 310 2329 ad
325 2300 482 2330 vitandum
496 2301 641 2336 dedecus,
653 2306 682 2330 et
697 2300 774 2329 utile
784 2301 821 2329 ad

109 2341 350 2372 incolumitatem
373 2344 494 2378 Atticae,
514 2344 630 2373 docuit.
678 2345 768 2373 Nunc
784 2344 821 2373 ad

109 2384 211 2415 locum
237 2385 392 2415 facultatis
415 2385 531 2415 transit.
577 2387 654 2415 Nam
680 2386 822 2416 voluntas

111 2428 234 2466 quidem
257 2428 440 2458 adversandi
465 2429 621 2469 Philippo,
638 2439 695 2458 non
717 2430 822 2459 deerat

111 2470 361 2506 Atheniensibus,
382 2472 435 2500 sed
455 2481 568 2501 nervus
593 2472 678 2507 belli,
692 2472 824 2511 pecunia

111 2513 228 2549 deerat,
244 2524 332 2553 quam
348 2514 461 2553 vulgus
485 2514 515 2543 iu
540 2515 726 2552 spectaculis
752 2525 823 2544 con-

107 2557 261 2592 sumebat.
307 2556 370 2592 Qui
390 2557 476 2586 locus
493 2556 564 2596 quia
579 2557 703 2586 odiosus
722 2562 779 2593 est,
794 2561 824 2586 et

111 2599 220 2637 plenus
242 2599 430 2633 offensionis,
455 2610 552 2639 neque
578 2599 668 2629 etiam
696 2600 823 2638 periculi

112 2641 254 2680 capitalis
270 2652 399 2681 expers:
423 2643 515 2682 longa
539 2642 742 2672 insinuatione
758 2647 823 2672 tan-

105 2684 183 2719 ,dem
207 2695 243 2715 eo
261 2686 411 2724 pervenit,
428 2690 461 2714 ut
486 2686 578 2719 dicat,
595 2687 740 2724 abrogata
757 2686 824 2724 lege

114 2726 266 2763 theatrali,
282 2729 441 2766 pecuniam
458 2728 495 2757 ad
521 2728 593 2757 belli
618 2734 757 2767 sumptus
778 2733 824 2758 to·

114 2768 255 2799 lerandos
271 2780 328 2799 non
345 2772 528 2800 defuturam.
555 2771 681 2801 Worr.

157 2810 196 2840 Τὸ
211 2811 238 2841 δὲ
253 2811 342 2852 ὅπως]
364 2813 503 2849 Scilicet,
520 2813 562 2842 δεῖ
574 2812 688 2845 βοηθεῖν.
716 2814 822 2843 IDEM.

157 2855 202 2884 Mn
217 2853 311 2889 τοίνυν,
325 2868 345 2884 ω
363 2855 409 2884 ἂνδ
410 2867 450 2896 ξες
464 2855 616 2890 Αθηναῖοι,
632 2856 824 2895 θαυμάσητε,

113 2896 146 2926 ἂν
163 2896 312 2935 παςίιδοξον
328 2897 397 2928 εἴπω
411 2911 441 2928 τι
457 2900 517 2931 τοῖς
534 2899 666 2939 πολλοῖς]
693 2899 826 2938 Egregia

114 2938 226 2974 oratio,
248 2949 316 2977 quae
331 2945 484 2980 praeparat
499 2942 538 2971 ad
561 2942 713 2971 audienda
735 2941 824 2980 longe

112 2980 183 3017 alia,
199 2991 288 3020 quam
305 2983 505 3014 Athenienses
526 2984 735 3023 opinabantur.
783 2984 825 3014 Hi

855 1107 1087 1145 exspectabant,
1103 1115 1229 1144 magnos
1246 1110 1396 1134 oratorem
1418 1104 1491 1134 belli
1514 1114 1570 1144 ap-

855 1155 977 1188 paratus
994 1160 1062 1179 esse
1074 1149 1292 1187 ssagstaturum,
1303 1158 1416 1186 eosque
1429 1147 1568 1177 studiose

855 1193 958 1222 charta
975 1192 1096 1231 quidem
1117 1191 1340 1221 decrevissent.
1384 1191 1445 1219 Sed
1467 1194 1570 1220 orator

854 1236 962 1274 patriae
1000 1234 1236 1268 amantissimus,
1270 1243 1389 1262 omnem
1422 1242 1568 1271 nugarum

855 1278 1051 1316 splendorem
1067 1287 1193 1311 exosus,
1205 1275 1406 1305 Athenienses
1419 1286 1455 1304 eo
1468 1280 1570 1311 vocat,

855 1322 934 1350 unde
947 1321 1015 1349 fons
1027 1319 1160 1358 publicae
1174 1319 1355 1348 calamitatis
1368 1318 1519 1354 manabat,
1531 1318 1570 1347 ad

855 1364 1045 1402 voluptatum
1057 1362 1154 1392 omnis
1165 1362 1285 1400 generis
1295 1361 1486 1401 cupidinem,
1496 1371 1573 1390 con-

852 1407 989 1444 junctam
1014 1416 1082 1435 cum
1105 1405 1236 1434 vanitate
1253 1410 1283 1434 et
1299 1404 1569 1443 magniloquentia,

856 1450 892 1478 ad
908 1448 1051 1478 humilem
1067 1448 1215 1477 sentiendi
1230 1448 1388 1483 rationem,
1399 1451 1509 1475 cuncta
1521 1447 1571 1475 vel

855 1491 1033 1530 turpissima
1049 1490 1210 1524 tolerandi,
1225 1490 1296 1519 dum
1317 1490 1401 1518 illurn
1420 1490 1506 1518 finem
1523 1499 1570 1517 as-

856 1539 1067 1572 sequerentur.
1103 1534 1175 1562 Huc
1191 1533 1364 1572 pertinebat
1380 1542 1425 1566 ea,
1438 1541 1505 1570 quae
1517 1542 1571 1560 vo-

856 1579 1013 1611 cabantur,
1045 1575 1169 1614 θεωρικίι.
1225 1576 1336 1605 Eorum
1368 1579 1475 1603 auctor
1505 1578 1571 1603 erat

856 1618 994 1649 Pericles
1009 1630 1015 1647 :
1040 1619 1090 1657 qui
1108 1619 1231 1656 quidem
1246 1618 1430 1647 Athenarum
1452 1617 1570 1652 urbem,

855 1662 966 1700 partim
987 1662 1077 1690 etiam
1100 1661 1255 1689 civitatem
1279 1661 1317 1689 ad
1342 1660 1450 1689 altiora
1474 1659 1569 1689 multo

855 1705 1054 1742 provehebat,
1071 1703 1096 1732 si
1118 1703 1371 1740 magnificentiam
1389 1702 1490 1731 victus
1504 1702 1571 1731 cul·

856 1751 966 1785 tusque
984 1751 1118 1785 spectes,
1135 1746 1189 1774 sed
1206 1745 1321 1774 semina
1338 1744 1448 1774 celeris
1473 1745 1570 1774 ruinae

855 1789 1028 1828 spargebat.
1073 1789 1122 1817 De
1145 1788 1226 1817 mille
1249 1787 1383 1823 talentis,
1399 1798 1466 1826 quae
1483 1792 1571 1825 quot-

856 1831 939 1861 annis
950 1832 979 1860 in
989 1831 1128 1860 aerarium
1140 1830 1383 1865 conferebantur,
1393 1835 1437 1865 ut,
1448 1829 1473 1859 si
1487 1830 1572 1869 quod

856 1874 1007 1904 incideret
1036 1874 1166 1909 bellum,
1197 1874 1263 1911 ejus
1293 1873 1412 1902 sortiter
1445 1872 1571 1911 gerendi

857 1917 973 1946 auxilia
987 1920 1194 1955 suppeterent,
1205 1915 1300 1956 jussit
1311 1916 1376 1951 ille,
1390 1920 1423 1944 ut
1439 1916 1476 1944 ad
1489 1925 1572 1945 sum-

856 1970 937 1989 mum
949 1969 1029 1988 aurae
1042 1959 1201 1998 popularis
1212 1958 1367 1996 fastigium
1381 1959 1570 1993 ascenderet,

857 2003 1097 2040 quotiescunque
1118 2001 1296 2040 spectacula
1316 2001 1493 2035 edebantur,
1510 2001 1572 2030 sin-

857 2045 937 2084 gulis
951 2045 1072 2074 civibus
1083 2045 1162 2073 duos
1176 2043 1282 2073 obolos
1294 2043 1458 2078 numerari,
1467 2045 1572 2078 uuum,

858 2092 890 2116 ut
906 2087 1026 2116 solvere
1050 2090 1188 2126 possent,
1203 2096 1270 2124 quae
1287 2086 1435 2115 solvenda
1457 2090 1572 2121 essent,

858 2130 996 2164 alterurn,
1012 2134 1045 2158 ut
1062 2129 1210 2167 temporis
1225 2130 1346 2167 jactura
1361 2129 1570 2158 resarciretur.

857 2171 958 2202 Certis
972 2172 1095 2210 quidem
1113 2171 1215 2201 verbis
1232 2175 1352 2200 cautum
1376 2176 1452 2207 erat,
1469 2176 1512 2206 ut,
1528 2171 1570 2200 si-

856 2215 956 2244 mulac
979 2215 1095 2244 bellum
1119 2214 1321 2253 impenderet,
1337 2214 1478 2253 peouniae
1501 2214 1571 2243 istae

857 2258 981 2296 proprio
1006 2268 1061 2287 suo
1086 2257 1153 2286 usui
1180 2258 1392 2287 redderentur.
1438 2257 1479 2286 At
1503 2257 1572 2295 quis

858 2311 950 2330 ausus
978 2305 1061 2330 esset
1091 2299 1258 2339 appellare,
1288 2300 1369 2337 quod
1397 2299 1571 2328 certissime

858 2348 976 2373 cautum
995 2343 1096 2373 erat?!
1140 2343 1235 2376 Unus,
1258 2342 1309 2380 qui
1332 2342 1456 2371 honoris
1479 2352 1572 2371 causa

859 2386 1057 2416 nominandus
1072 2390 1129 2421 est,
1144 2385 1353 2424 Apollodorus
1367 2395 1458 2423 quum
1472 2385 1503 2414 id
1519 2395 1572 2414 au-

858 2430 957 2464 deret,
968 2429 1063 2468 jussit
1074 2429 1218 2468 populus,
1229 2433 1355 2465 rogante
1369 2428 1487 2457 Eubulo
1498 2438 1574 2466 qun-

858 2472 940 2507 dam,
965 2477 998 2500 ut
1023 2478 1118 2501 morte
1141 2472 1331 2506 multaretur,
1352 2469 1379 2503 ῧς
1401 2469 1433 2499 ἂν
1455 2469 1573 2510 γξάψειε

858 2516 1036 2554 μεταποιεῖν
1064 2517 1104 2544 ‘ri
1130 2514 1252 2553 θεωρικὰ
1280 2515 1487 2554 στρατιωτικά.
1534 2514 1573 2542 Id

859 2558 982 2596 quidem
1006 2558 1232 2587 Demosthenes
1257 2562 1358 2586 noster
1380 2556 1454 2585 nihil
1477 2561 1574 2591 curat,

860 2601 914 2629 sed
941 2600 1077 2629 ostendit
1107 2600 1228 2630 civibus
1259 2600 1321 2628 suis
1344 2604 1406 2628 tum
1431 2599 1572 2628 veritatis

860 2643 1023 2681 gravitate,
1040 2646 1103 2672 turn
1121 2642 1275 2672 irrisionis
1293 2642 1426 2679 flagello,
1442 2652 1501 2670 non
1517 2642 1572 2670 mi-

859 2695 916 2715 nus
931 2685 1063 2715 ridicule
1086 2696 1174 2724 quam
1200 2685 1370 2724 perniciose
1394 2685 1425 2713 in
1452 2689 1572 2722 turpem

859 2739 912 2758 eos
927 2728 1118 2758 debilitatem
1135 2727 1281 2766 delapsos
1295 2738 1374 2757 esse.
1399 2728 1445 2756 Ea
1460 2732 1572 2761 autem,

859 2782 919 2810 qua
934 2776 1030 2800 totam
1051 2781 1114 2800 rem
1131 2771 1340 2809 persequitur,
1355 2770 1433 2798 ratio
1451 2768 1573 2807 egregia

860 2819 918 2843 est.
964 2814 1064 2850 Quum
1084 2814 1174 2848 enim,
1191 2813 1302 2852 quiid,
1316 2813 1398 2851 quod
1419 2812 1572 2840 sublatum

859 2857 925 2895 ipse
948 2857 1026 2891 vult,
1055 2856 1122 2886 tolli
1147 2857 1266 2891 suadet,
1291 2860 1389 2884 morte
1415 2854 1572 2886 multetur,

860 2899 1006 2949 postulat,
1023 2904 1055 2928 ut
1072 2899 1106 2933 ii,
1121 2898 1173 2937 qui
1198 2899 1274 2928 hanc
1298 2898 1395 2934 legem
1420 2895 1572 2929 tulissent,

860 2944 926 2980 ejus
957 2942 1186 2981 abrogationem
1217 2940 1374 2989 postulare
1405 2940 1570 2973 cogantur:

860 2995 921 3024 quo
942 2984 1060 3015 scilicet
1077 2985 1157 3014 sacto
1173 2983 1278 3034 mortis
1293 2989 1412 3021 poenam
1434 2978 1518 3008 sibi
1509 2988 1570 3018 tpn
