1824 3171
261 202 326 250 18

664 205 1304 254 ΔΗΜΟΣΘΕΝΟΎΣ

253 315 496 378 roco-mimag-
533 319 618 369 τῶν
649 320 874 379 βασιλέων
905 319 1135 382 ἠσθένησε·
1171 321 1311 374 πάλιν
1335 320 1495 390 ῥαΐσας
1520 324 1598 374 οὐκ
1624 321 1699 375 ἐπὶ

291 391 304 409 Χ
341 392 354 407 t
515 402 534 410 ‚u
594 391 605 405 ⁴³
657 396 675 408 κ
879 394 890 407 ·›
958 394 968 408 ²

253 414 303 442 το
336 393 547 465 θᾳθυμειν
572 407 831 456 απεκλινεν,
858 408 955 445 αλλ

995 394 1126 453 εὕθΰς
1148 395 1389 455 Ὀλυνθίοις
1421 395 1695 471 ἐπεχείρησε.

1632 468 1644 486 ι

255 463 340 522 τοὶς
364 463 413 515 δ’
438 465 509 516 ἐπ’
536 465 770 534 Ἰλλυριοιὶς
802 465 879 517 καὶ
918 467 1113 526 Παίονας
1145 471 1282 521 αὐτοῦ
1308 467 1385 521 καὶ
1413 469 1518 544 πρὸς
1543 470 1699 543 ’Apop-

257 584 306 624 4.)
324 586 471 625 Βηρισάδην
493 587 541 616 καὶ
564 587 720 628 Ἀμάδοκον
741 587 789 616 καὶ
813 586 963 628 nego-odm-

257 637 330 658 πτην
345 630 418 668 τρεῖς
434 628 554 663 ἀνθ’ἐνός
570 630 694 667 γενέσθαι
711 629 861 664 βασιλέας.
889 630 964 659 Cer-

258 671 413 710 sobleptes
437 672 515 701 fitius
532 674 647 711 Cotyos
672 678 748 707 erat,
765 683 852 711 quern
876 678 963 711 pater

259 713 398 742 voluerat
414 715 573 752 imperium
591 725 658 743 cuin
675 715 737 743 illis
759 715 879 744 duobus
894 726 962 754 par-

259 755 319 784 tiri.
343 757 492 785 Aristocr.
515 759 588 795 Arg.
607 759 637 786 ⁶2.
664 757 882 796 Cersobleptes
906 759 963 787 hoc

258 798 413 827 decretum
431 799 609 836 repudiasse
623 799 754 835 videtur,
773 811 837 829 nam
852 800 962 830 Suidas

257 840 298 881 (s.
316 839 556 881 Κερσοβλέπτης)
572 846 676 871 auctor
699 846 756 876 est,
773 843 961 872 Amadocum

259 883 297 911 ad
314 883 493 921 Philippum
509 884 723 919 venisse,utei
740 885 887 915 auxilium
904 886 963 915 fer-

258 929 305 954 ret
329 924 358 954 in
381 925 463 954 bello
486 930 591 955 contra
614 927 855 967 Cersobleptem.
895 929 964 965 Qua

258 967 381 1005 quidem
397 969 556 997 occasione
574 969 653 999 Phil.
669 970 797 1000 sortasse
815 981 888 1000 usus
897 972 964 1007 suit,

258 1014 293 1039 ut
307 1010 435 1039 alterum
452 1011 633 1050 expelleret,
649 1012 762 1042 alteros
780 1014 894 1043 faceret
915 1025 963 1043 re-

259 1062 324 1091 ges.
357 1054 571 1083 Verumtamen
589 1055 767 1095 Cersoblep.
785 1056 963 1094 imploravit

258 1105 348 1133 opem
384 1096 625 1134 Atheniensium,
660 1098 712 1137 qui
747 1098 962 1129 Charidemum

257 1137 430 1167 mittebant.
463 1140 532 1169 Jam
551 1150 644 1178 quum
671 1141 764 1170 Diod.
789 1141 850 1171 Sic.
867 1142 962 1172 XVI.

257 1182 309 1209 ¹71.
319 1181 442 1215 referat,
451 1182 683 1220 Cersoblepten,
692 1194 793 1222 regem
800 1185 962 1220 Thracum,

259 1222 310 1251 Ol.
327 1225 400 1257 109,
415 1226 444 1253 Q.
461 1235 528 1252 esse
549 1226 691 1262 ejectum,
709 1230 777 1264 post
793 1226 870 1256 illud
886 1232 962 1256 tem-

256 1274 315 1302 pus
331 1265 395 1304 (Ol.
412 1268 484 1300 106,
499 1265 547 1303 4.)
564 1267 614 1296 hic
632 1278 756 1306 regnum
769 1269 898 1306 patrium
916 1280 963 1299 re-

258 1317 420 1344 cuperasse
437 1308 567 1337 videtur.
606 1310 669 1337 Ct'r.
686 1311 776 1347 epist.
793 1311 870 1339 Phil.
890 1312 915 1349 ξ.
931 1311 962 1340 δ’.

257 1350 318 1378 Sed
340 1349 405 1378 haec
426 1353 562 1389 tempora
577 1360 635 1379 uon
652 1356 723 1381 sunt
742 1352 962 1382 confundenda.

258 1391 388 1421 Riinxc.

298 1433 470 1473 Ἠσθένησε]
489 1435 591 1472 Hujus
606 1435 703 1464 morbi
715 1436 826 1465 mentio
839 1436 870 1465 fit
881 1436 962 1465 Phil.

261 1477 289 1506 1.
303 1476 329 1514 §.
342 1476 364 1505 ε’.
380 1477 506 1514 Olynth.
524 1477 588 1506 111.
603 1477 683 1516 (ΙΙ.)
699 1477 725 1516 §.
741 1477 779 1515 γ’.
801 1479 907 1508 IDEM.

302 1518 432 1558 Ῥαΐσας]
459 1519 610 1557 Harpocr.
632 1518 701 1560 ῥᾳῖως
726 1519 810 1560 ἔχων,
831 1521 963 1550 noudum

261 1561 341 1591 enim
367 1562 449 1590 Phil.
470 1561 627 1599 pristinam
653 1563 857 1593 valetudinem
877 1573 964 1593 recu-

257 1608 428 1642 peraverat.
451 1605 553 1634 IDEM.

301 1648 361 1679 Τὰς
383 1645 410 1675 δὲ
435 1645 481 1675 ἐπ’
497 1646 657 1688 Ἰλλυριοὺς]
682 1648 787 1677 Hodie
811 1649 964 1679 Sclavonii

258 1689 459 1727 appellantur.
511 1690 584 1724 Eos,
616 1691 705 1720 Mons
734 1691 867 1721 Scodrus
898 1693 964 1722 sive

259 1731 405 1765 scardus,
429 1737 459 1761 et
484 1732 572 1760 Drilo
597 1733 720 1768 flumen,
742 1743 760 1762 a
782 1734 964 1764 Macedonia

259 1784 366 1802 versus
382 1774 538 1803 Orientem
557 1776 748 1812 separabant.
793 1777 881 1806 Anno
903 1788 962 1816 quo

258 1816 752 1855 Philippusimperiumingressus
761 1822 962 1858 est,magnam

258 1858 279 1886 ii
295 1859 332 1887 de
346 1859 495 1887 Perdicca
510 1860 575 1897 ejus
586 1859 677 1889 fratre
688 1859 844 1890 victoriam
857 1872 961 1900 repor-

258 1904 370 1935 tarunt,
385 1901 549 1939 pluresque
572 1903 637 1940 ejus
661 1902 785 1932 ditionis
807 1905 896 1933 urbes
912 1915 961 1934 ce-

258 1953 341 1980 pere.
387 1943 546 1981 Philippus
561 1945 694 1973 secundo
710 1944 796 1983 regni
816 1946 863 1975 sui
884 1957 961 1976 anno

258 1985 380 2014 fratrem
407 1986 516 2015 ulcisci
537 1987 646 2021 voluit,
669 1998 795 2026 quaeque
820 1989 960 2019 amiserat

258 2028 424 2056 Perdiccas
440 2038 630 2065 r‹·cuperare.
656 2030 763 2068 Itaque
780 2041 875 2060 novus
891 2033 961 2061 Rex

258 2069 362 2098 decies
379 2068 461 2097 mille
480 2070 613 2106 pedites,
635 2070 755 2105 equites
773 2077 874 2102 autem
891 2085 961 2103 sex-

259 2117 366 2140 centos
385 2111 414 2140 in
431 2110 590 2147 Illyridem
609 2110 785 2139 introducit.
824 2114 892 2147 Qun
909 2127 962 2143 au-

259 2154 334 2188 dito,
363 2153 518 2190 Bardytis,
548 2153 617 2181 Rex
648 2152 832 2189 lllyriorum,
860 2155 963 2184 missis

258 2196 368 2234 legatis
384 2205 490 2234 pacem
513 2195 655 2233 Philippo
678 2195 779 2230 offert,
794 2206 829 2224 ea
843 2196 963 2226 scilicet

258 2239 337 2276 lege,
359 2243 393 2267 ut
416 2244 556 2276 uterque,
580 2248 646 2276 quae
666 2237 734 2266 loca
758 2238 788 2266 in
812 2244 963 2276 potestate

258 2285 333 2310 tunc
348 2281 484 2315 haberet,
497 2280 652 2309 retineret.
678 2280 842 2319 Philippus
853 2282 963 2311 oblatis

259 2323 484 2352 conditionibus·
511 2322 583 2351 nihil
608 2328 720 2357 motus,
736 2333 839 2362 pacem
863 2329 963 2354 tamen

259 2375 316 2394 non
339 2366 461 2404 penitus
478 2365 596 2403 rejecit,
613 2366 666 2394 sed
683 2375 746 2394 eam
770 2366 811 2394 ita
832 2376 865 2396 se
887 2367 963 2396 reci-

259 2418 332 2446 pere
357 2408 435 2439 velle
464 2407 657 2446 significavit,
680 2408 704 2436 si
729 2408 828 2447 Illyrii
856 2419 963 2439 omnes

259 2460 335 2488 quas
357 2450 385 2478 in
404 2450 583 2479 Macedonia
604 2451 746 2479 tenebant
765 2452 855 2481 urbes
872 2452 900 2481 ei
917 2463 962 2482 re-

259 2494 430 2521 stituerent.
457 2493 599 2521 Reversis
614 2493 727 2522 infecto
742 2493 864 2531 negotio
880 2494 962 2533 lega-

258 2535 310 2569 tis,
328 2535 469 2573 Bardylis
481 2535 507 2563 iu
518 2545 658 2573 campum
670 2536 835 2565 exercitum
847 2538 960 2573 educit,

259 2582 398 2606 conserta
421 2577 486 2606 acie
511 2578 699 2615 profligatur,
724 2588 790 2607 cum
812 2579 897 2609 clade
914 2591 960 2609 se-

258 2624 341 2657 ptem
372 2619 452 2648 mille
479 2620 642 2654 hominum,
663 2621 806 2659 ipsasque
830 2623 960 2661 (leuique

259 2666 382 2691 coactus
408 2661 532 2700 accipit,
560 2672 634 2700 quas
660 2662 775 2692 oblutas
803 2666 961 2703 rejecerat,

259 2704 460 2733 conditiones.
487 2704 578 2733 Diod.
597 2705 758 2746 [lib.xvi.]
775 2707 864 2735 Oros.
882 2707 903 2736 l.
915 2707 960 2736 iii.

259 2757 288 2775 c.
305 2749 354 2775 1‘2.
377 2747 458 2776 Just.
477 2747 496 2774 l.
516 2746 569 2775 vii.
595 2747 737 2775 'J'mn-rett.
763 2749 906 2778 ΜουΝτ.

301 2791 362 2822 'rec
383 2787 406 2817 δ’
420 2787 473 2818 ἐφ’
488 2787 683 2827 Ἰλλυριοῐις-
693 2790 859 2828 παραλείπω
874 2803 962 2831 στρα-

259 2830 352 2870 τείαις]
388 2831 459 2860 Non
489 2831 720 2868 intelligendum
750 2838 825 2869 puto
851 2834 962 2863 bellum

259 2874 418 2912 Illyricum
429 2873 638 2902 etl‘aeonicum
650 2873 701 2902 Ol.
712 2877 819 2907 1052
831 2881 962 2911 gestum,

261 2921 293 2945 ut
307 2916 455 2946 Tourrell.
472 2920 502 2944 et
518 2916 680 2949 buoches..
693 2916 744 2944 sod
762 2917 863 2954 potius
880 2919 960 2955 quod

260 2958 392 2998 pertinet
407 2959 445 2988 ad
459 2958 507 2988 Ol.
522 2960 594 2993 106,
608 2961 637 2988 ‘3-
661 2959 737 2988 Nam
749 2969 838 2997 quum
851 2961 960 2998 (Diod.

995 588 1027 617 S.
1043 588 1136 618 XVI.
1152 588 1221 629 22.)
1240 590 1386 625 Thraces,
1404 591 1528 620 Paeones
1549 595 1579 620 et
1601 589 1701 628 Illyrii

996 635 1102 659 contra
1127 631 1207 660 Phil.
1231 632 1468 670 conspirassent,
1492 633 1541 662 hic
1565 642 1613 667 eo,
1640 642 1700 670 quo

996 672 1143 709 diximus,
1161 684 1238 702 anno
1259 674 1294 702 ad
1319 674 1448 704 officium
1473 675 1576 704 hostes
1599 675 1700 703 redire

996 716 1108 753 coegit.
1129 716 1199 745 Hoc
1213 716 1291 745 enim
1305 720 1423 755 tempus
1440 727 1497 746 non
1512 717 1600 755 longe
1612 717 1700 746 abest

997 769 1014 787 a
1039 758 1131 794 bello,
1155 759 1300 798 Arymbae
1324 759 1422 788 illato.
1456 760 1605 797 Arymbas
1631 759 1699 800 (alii

997 800 1138 838 Arybbas
1161 802 1307 836 scribunt,
1323 812 1390 839 quae
1411 801 1542 830 varietas
1565 812 1603 831 ex
1627 811 1698 830 cou-

996 843 1116 872 fusione
1128 844 1283 873 literarum
1299 856 1326 882 μ
1339 849 1369 873 et
1385 841 1402 872 C
1417 848 1494 878 orta,
1506 844 1545 873 de
1560 854 1618 883 qua
1634 844 1698 874 vid.

997 886 1132 916 Gronov.
1157 887 1195 915 ad
1217 887 1335 916 Arrian.
1355 887 1391 916 E.
1409 886 1447 915 A.
1463 886 1489 921 I,
1512 886 1553 915 ΞΟ
1581 891 1611 915 et
1632 885 1699 925 ⁶24.)

997 928 1076 958 filius
1094 929 1310 968 Alcetae,regis
1327 928 1612 963 Molossorum,fuit
1627 927 1700 957 Phi-

996 971 1082 1010 lippo
1098 972 1206 1007 affinis,
1220 982 1288 1001 nam
1308 972 1358 1000 hic
1380 971 1471 1000 filiam
1491 970 1700 1009 Neoptolemi,

995 1014 1097 1043 fratris
1113 1015 1268 1052 Arymbae,
1282 1015 1311 1042 in
1327 1013 1545 1043 matrimonium
1559 1014 1700 1043 duxerat.

998 1057 1091 1086 Diod.
1108 1058 1140 1086 S.
1152 1058 1244 1087 XVI.
1259 1060 1311 1087 72.
1337 1058 1405 1087 Jam
1421 1066 1511 1095 quum
1525 1061 1594 1096 post
1607 1055 1700 1085 Alce-

995 1103 1035 1128 tae
1051 1105 1177 1130 mortem
1193 1100 1246 1129 filii
1263 1100 1342 1129 inter
1351 1110 1383 1129 se
1400 1099 1586 1128 dissiderent
1599 1102 1629 1127 et
1639 1109 1700 1127 non

995 1142 1081 1181 prius
1101 1143 1295 1172 concorditer
1313 1146 1486 1181 regnarent,
1501 1151 1590 1180 quam
1606 1151 1700 1180 regno

996 1185 1152 1223 aequaliter
1162 1185 1261 1215 diviso
1274 1185 1492 1225 (Pausan.Att.
1503 1186 1588 1214 e.38.
1602 1183 1628 1222 §.
1641 1182 1699 1222 3.),

996 1228 1054 1256 hoc
1068 1227 1181 1264 ipsum,
1198 1227 1342 1265 Philippo
1357 1227 1575 1261 intercedente,
1587 1226 1699 1255 factum

997 1270 1131 1303 videtur,
1149 1270 1242 1308 idque
1260 1270 1310 1298 Ol.
1328 1271 1400 1303 107,
1418 1272 1448 1299 1.
1465 1279 1553 1307 quam
1575 1268 1699 1307 quidem

997 1322 1058 1341 rem
1072 1313 1197 1347 Noster,
1212 1311 1242 1340 ni
1252 1311 1347 1346 fallor,
1364 1315 1493 1350 spectat.
1514 1312 1590 1340 Nam
1604 1310 1698 1340 Diod.

997 1354 1029 1381 S.
1044 1354 1134 1382 XVI.
1147 1356 1199 1383 72.
1217 1354 1329 1392 prodit,
1341 1354 1502 1391 Arymbam
1519 1353 1570 1382 Ol.
1583 1355 1656 1388 109,
1669 1355 1701 1383 3.

997 1395 1061 1424 vita
1071 1396 1242 1425 decessisse
1254 1400 1325 1434 post
1333 1396 1474 1424 decimum
1484 1405 1592 1424 aunum
1603 1396 1701 1433 regni,

997 1437 1110 1476 illoque
1138 1443 1257 1467 mortuo
1287 1438 1474 1473 Alexandro,
1505 1437 1700 1476 Olympiadis

997 1480 1093 1515 fratri,
1106 1490 1229 1518 regnum
1241 1490 1307 1510 esse
1319 1479 1474 1514 traditum,
1483 1480 1596 1510 Justin.
1609 1480 1701 1509 VIII.

999 1525 1028 1552 6.
1044 1522 1130 1557 dicit,
1146 1523 1202 1552 hoc
1216 1522 1356 1561 Arymbae
1372 1527 1508 1560 ereptum
1523 1527 1553 1551 et
1568 1522 1701 1551 Alexan-

998 1566 1053 1594 dro
1069 1575 1135 1594 esse
1148 1565 1370 1600 demandatum,
1383 1575 1448 1603 quae
1461 1565 1627 1595 diversitas
1643 1575 1700 1594 non

997 1611 1080 1637 tanta
1095 1613 1153 1644 est,
1166 1613 1198 1637 ut
1213 1618 1330 1637 omnem
1346 1618 1408 1636 rem
1424 1607 1454 1636 in
1469 1607 1595 1636 dubium
1609 1618 1701 1637 voce·

997 1660 1075 1679 mus.
1112 1652 1170 1680 Pro
1186 1649 1245 1680 Ε’ποι
1262 1650 1358 1680 Wolf.
1374 1655 1404 1679 et
1424 1652 1503 1688 Aug.
1520 1660 1559 1678 ex
1577 1649 1645 1679 Ald.
1663 1651 1700 1680 P.

999 1694 1117 1722 Manut.
1133 1693 1239 1722 deder.
1256 1692 1321 1733 abi-p,
1337 1692 1390 1722 sed
1411 1693 1534 1731 vulgata
1555 1702 1614 1721 non
1633 1702 1700 1722 mu-

998 1736 1098 1764 tanda.
1121 1735 1247 1765 Riimc.

1040 1778 1092 1806 Καὶ
1122 1777 1251 1817 Παίονας]
1285 1778 1412 1807 Paeones
1442 1777 1533 1806 iidem
1564 1781 1635 1806 sunt
1663 1786 1698 1806 ac

997 1820 1158 1856 Pannonii,
1183 1821 1264 1859 quod
1291 1831 1330 1850 ex
1357 1820 1496 1858 pluribus
1522 1820 1698 1849 auctoribus

997 1862 1084 1892 facile
1099 1864 1256 1902 probatur,
1273 1869 1361 1901 atque
1385 1873 1422 1891 ex
1447 1862 1504 1891 hoc
1527 1862 1615 1891 etiam
1631 1862 1698 1891 loco

995 1906 1207 1942 continuatum
1231 1905 1368 1944 quamvis
1390 1905 1477 1934 aliter
1501 1904 1612 1933 sentiat
1638 1905 1697 1934 Dio

995 1948 1119 1977 Cassius
1143 1949 1196 1977 lib.
1223 1949 1300 1977 xlix.
1328 1947 1480 1976 Zonaras:
1510 1947 1543 1976 οἳ
1565 1947 1697 1976 nawen.

994 1989 1123 2028 νέμονται
1138 1990 1192 2030 μὲν
1208 1989 1272 2030 vrgia:
1286 1990 1322 2029 τῇ
1339 1988 1512 2029 Δαλμαπίᾳ.
1535 1988 1600 2028 παρ’
1615 1988 1699 2018 αὐτὸν

995 2031 1023 2061 δὲ
1045 2032 1090 2061 τὸν
1103 2031 1214 2072 Ἰσ-τρόν,
1234 2031 1290 2061 ἀπὸ
1303 2030 1418 2071 Νωρίκου
1437 2030 1527 2071 μέχρι
1543 2033 1593 2065 τῆς
1607 2030 1633 2060 ἐν
1649 2032 1698 2061 Εὖ·

995 2075 1076 2115 ρώτσῃ
1093 2076 1214 2109 Mna-iac,
1231 2075 1289 2104 διο.
1314 2074 1380 2113 πρὸς
1395 2074 1422 2102 δὲ
1437 2073 1548 2114 Ῥοδόπῃ
1569 2074 1619 2102 καὶ
1634 2073 1698 2114 πρὸς

995 2117 1068 2155 αὐτῇ
1082 2118 1120 2157 τῇ
1134 2115 1285 2154 Μακεδονίᾳ
1299 2116 1333 2144 τὸ
1348 2118 1402 2144 τῶν
1411 2115 1528 2145 Παιόνων
1539 2114 1608 2148 ἔθνος
1623 2115 1697 2146 ἐστι’.

998 2158 1160 2195 Philippus
1173 2167 1250 2186 anno
1260 2158 1344 2195 regui
1356 2158 1502 2193 secundo,
1512 2158 1593 2186 bello
1604 2158 1698 2187 Athe-

997 2198 1143 2227 niensium
1168 2199 1325 2233 liberatus,
1352 2210 1418 2226 cum
1441 2199 1529 2237 Agim
1553 2200 1698 2229 Paeonnm

996 2249 1097 2277 regem
1108 2241 1167 2269 fato
1176 2241 1367 2269 concessisse
1377 2240 1698 2274 audiret,commodum

997 2282 1054 2311 sibi
1068 2283 1361 2312 Paeonasinvadendi
1371 2282 1561 2311 occasionem
1569 2284 1699 2313 oblatam

996 2325 1194 2354 existimavit.
1239 2326 1313 2354 Cum
1337 2324 1475 2354 exercitu
1497 2325 1590 2364 igitur
1611 2327 1699 2356 Paeo-

996 2367 1073 2396 niam
1089 2367 1258 2406 ingressuS,
1276 2368 1424 2396 Barbaros
1441 2368 1506 2396 acie
1525 2368 1610 2402 vicit,
1627 2379 1699 2407 geu-

997 2415 1117 2448 temque
1150 2410 1296 2449 deinceps
1334 2420 1440 2448 parere
1477 2411 1700 2441 Macedonibus

996 2454 1107 2491 coegit.
1136 2453 1211 2482 Post
1227 2453 1283 2481 hoc
1301 2453 1337 2481 nd
1352 2452 1487 2490 Illyrios,
1507 2453 1558 2491 qui
1576 2453 1697 2491 quidem

997 2495 1162 2525 Pannoniae
1179 2495 1513 2534 subjacent,prol'ectus
1529 2499 1584 2524 est.
1603 2496 1697 2526 Diod.

995 2538 1049 2567 lil).
1067 2538 1133 2568 xvi.
1158 2539 1299 2568 MouNT.

1038 2580 1105 2619 Πρὸς
1118 2579 1277 2620 Ἀρύμβαν]
1295 2581 1456 2619 Any-mbos,
1470 2579 1534 2608 sive
1546 2580 1697 2618 Arybbas,

996 2623 1113 2652 Alcetae
1141 2623 1357 2657 Molossorum,
1384 2621 1450 2651 sive
1480 2622 1578 2659 Epiri,
1604 2623 1698 2661 Regis

998 2665 1079 2694 fitius
1105 2670 1180 2699 erat,
1204 2665 1357 2703 fraterque
1380 2664 1585 2701 Neoptolemi,
1611 2667 1698 2704 cujus

997 2712 1094 2736 natam
1125 2707 1339 2746 Olympiadem
1378 2706 1537 2744 Philippus
1571 2716 1697 2737 uxorein

996 2750 1096 2778 duxit.
1131 2751 1253 2778 Mortuo
1274 2749 1392 2781 Alcetn,
1409 2748 1486 2776 inter
1505 2748 1612 2777 fratres
1627 2760 1699 2779 coi)-

998 2791 1092 2821 tentio
1123 2796 1188 2820 orta
1218 2795 1264 2820 est
1294 2791 1331 2819 ‹le
1360 2790 1488 2828 imperio
1518 2791 1698 2822 dividendo.

997 2834 1147 2872 Arymbns
1165 2833 1216 2873 jus
1239 2833 1347 2872 prioris
1362 2837 1447 2861 ortus
1462 2833 1618 2869 afferebat.
1634 2839 1698 2864 tum

998 2886 1070 2904 vero
1094 2877 1179 2914 regni
1203 2876 1461 2911 consuetudinem,
1483 2875 1531 2904 cui
1555 2886 1592 2904 ex
1618 2878 1700 2907 omni

997 2918 1140 2947 mcmoriu
1156 2922 1277 2947 astatum
1300 2927 1377 2947 unus
1398 2919 1606 2947 tantummodo
1630 2920 1699 2949 Rex

997 2960 1103 2990 suerat.
1141 2962 1183 2990 Ut
1198 2960 1301 2996 hodie,
1317 2961 1359 2990 ita
1374 2966 1446 2990 tunc
1461 2960 1550 2991 etiam
1567 2961 1700 2992 rationes
