1824 3171
133 129 155 155 c
432 115 506 153 10.
536 113 790 152 TAYLORI
822 111 1262 152 PROLEGOMENA

135 216 235 256 stola
254 216 353 256 Phil.
373 229 500 268 graece
519 217 621 268 apud
637 217 717 256 Gu.
734 216 924 255 Morriurn
950 216 1081 255 Lutet.
1113 214 1274 253 Sorbon.
1295 214 1335 250 4.
1364 211 1439 248 eod.
1456 208 1586 249 AEsch.

135 286 176 317 et
197 279 309 317 Dem.
331 279 379 317 de
399 291 543 318 corona
561 278 653 317 ibid.
674 283 711 317 4.
735 277 794 329 [q.
815 285 978 329 quatuor
993 273 1257 325 adversariae.]
1286 275 1401 313 1532.
1423 271 1470 310 de
1489 271 1587 323 Syn-

135 341 230 386 taxi,
261 341 310 378 de
340 341 533 386 classibus,
565 341 614 378 de
644 340 771 378 Rhod.
797 340 862 379 lib.
885 341 933 378 de
954 339 1102 389 Megal.
1134 339 1183 375 de
1213 337 1357 374 foedere
1387 348 1420 372 c.
1448 335 1501 372 A.
1528 345 1587 383 gr.

138 401 259 441 Paris.
282 401 424 440 Christ.
446 402 622 440 Wechel.
649 403 723 440 eod.
744 402 861 440 Dem.
882 415 954 439 orr.
983 415 1069 440 cum
1094 400 1186 438 Sch.
1211 398 1366 449 Ulpiani
1392 411 1449 447 gr.
1472 396 1590 434 Basil.

139 463 322 514 Herwag.
345 463 423 500 Fol.
491 467 606 503 1536.
628 464 743 501 Dem.
764 463 933 514 epistolae
955 475 1011 513 gr.
1045 462 1192 499 Lovan.
1219 473 1268 498 ex
1302 459 1401 497 offic.
1425 457 1589 508 Rutgeri

138 524 283 563 Rescii.
304 527 341 562 8.
362 537 482 576 penes
500 538 574 563 me.
604 526 678 562 cod.
701 524 891 562 AEschinis
914 524 1013 574 Epp.
1043 530 1117 561 etc.
1136 522 1284 560 Lovan.
1305 532 1424 571 penes
1452 531 1526 556 me.
1547 521 1587 556 8.

140 588 255 627 1537.
278 586 408 624 AEsch.
425 594 464 624 et
484 587 600 624 Dem.
617 599 705 636 epp.
726 586 792 622 lat.
810 586 927 622 Petro
944 584 1097 622 Nannio
1115 582 1358 621 Alcmariano
1378 580 1588 630 interprete

137 647 286 686 Lovan.
308 655 382 686 etc.
403 661 521 699 penes
547 661 621 685 me.
681 651 793 686 1538.
818 647 980 698 Olynth.
1001 654 1078 684 tres
1105 645 1169 683 lat.
1193 642 1377 682 Clobardi
1394 642 1589 690 Antwerp.

138 711 213 748 eod.
237 710 282 748 C.
306 710 610 760 Aristogitonem
638 722 694 760 gr.
719 709 836 747 Paris.
860 709 976 746 Tilet.
991 712 1031 746 4.
1061 708 1133 745 eod.
1157 705 1316 757 Olynth.
1332 711 1410 741 tres
1432 710 1471 741 et
1492 701 1592 740 Phil.

139 772 227 809 duae
246 772 391 823 priores
409 784 526 822 graec.
543 784 604 822 ap.
628 771 756 809 Nicol.
778 771 950 822 Bryling.
972 769 1088 807 Basil.
1108 772 1145 807 8.
1202 770 1316 806 1539.
1335 766 1380 804 C.
1400 765 1593 816 Dionyso·
1610 802 1621 817 .‚

138 834 222 872 dor.
244 847 301 884 gr.
322 833 440 871 Paris.
453 833 568 870 Tilet.
581 837 618 871 4.
641 832 715 870 eod.
737 833 784 870 C.
805 834 955 870 Conon.
969 832 1062 873 ibid.
1122 833 1236 869 1540.
1255 829 1371 866 Dem.
1387 834 1427 865 et
1441 826 1504 865 AE.
1517 838 1593 864 orr.

139 895 189 933 de
209 908 352 933 corona
371 894 459 931 Lat.
478 895 639 932 Aretini.
700 897 815 933 1541.
833 893 993 944 Olynth.
1015 900 1104 937 tres,
1129 890 1226 928 Phil,
1248 890 1371 941 prima
1397 896 1438 926 et
1457 888 1506 925 de
1530 900 1595 924 co-

139 969 234 994 rona
249 969 306 1006 gr.
325 956 460 993 Romae
479 959 516 993 8.
533 955 569 992 in
585 955 677 993 bibl.
700 955 834 993 Iacobi
853 955 987 992 Harris
1007 952 1310 992 Sarisberiensis.
1341 951 1416 988 eod.
1431 948 1594 1000 Olynth.

138 1024 217 1055 tres
235 1017 386 1055 Gallice
406 1030 475 1068 per
494 1017 626 1068 Louys
647 1017 695 1055 de
718 1018 807 1068 Roy
825 1018 945 1054 Paris.
962 1018 1175 1054 Vascosan.
1196 1015 1235 1051 in
1254 1013 1347 1051 bibl.
1365 1013 1467 1062 Reg.
1493 1011 1595 1049 Can-

139 1080 278 1131 tabrig.
334 1082 449 1119 1542.
467 1080 516 1117 de
537 1080 619 1116 ord.
641 1080 740 1130 Rep.
763 1080 811 1117 de
833 1079 960 1116 Rhod.
987 1079 1052 1116 lib.
1073 1091 1141 1130 pro
1174 1076 1375 1126 Megalop.
1397 1088 1452 1125 gr.
1475 1073 1596 1111 Paris.

143 1142 259 1180 Tilet.
278 1145 317 1180 4.
347 1143 421 1179 eod.
449 1142 498 1180 de
518 1142 702 1180 classibus
722 1155 778 1192 gr.
802 1142 924 1182 Paris.
945 1142 1059 1179 Tilet.
1080 1144 1117 1178 8.
1169 1143 1283 1179 1543.
1301 1138 1415 1176 Dem.
1438 1149 1512 1174 orr.
1539 1148 1597 1185 gr.

142 1203 284 1241 Venet.
303 1203 498 1242 Feliciani.
519 1205 595 1241 eorl.
614 1204 767 1241 Libanii
790 1203 1019 1254 praeparatio
1046 1202 1095 1239 ad.
1115 1202 1233 1239 Dem.
1253 1213 1327 1238 ort.
1350 1212 1406 1249 gr.
1427 1198 1494 1235 lat.
1516 1197 1596 1234 Re-

142 1266 223 1303 nati
244 1265 432 1303 Gaillonis
452 1266 572 1303 Paris.
593 1266 772 1302 Wecliel.
792 1269 830 1302 4.
865 1268 980 1303 1545.
1010 1264 1126 1301 Dem.
1157 1273 1196 1300 et
1218 1263 1275 1299 ΖΕ.
1306 1260 1353 1298 de
1375 1271 1516 1297 corona
1537 1271 1595 1308 gr.

144 1327 353 1377 Argentor.
398 1330 514 1365 1545.
541 1327 658 1364 Dem.
681 1326 778 1376 Epp.
805 1339 863 1375 gr.
893 1325 1013 1362 Paris.
1035 1325 1149 1361 Tilet.
1170 1328 1208 1362 4.
1239 1324 1314 1360 eod.
1335 1323 1451 1361 Dem.
1472 1328 1510 1358 et
1531 1320 1597 1359 AE.

143 1401 220 1426 orr.
236 1400 336 1426 cum.
357 1401 516 1437 argum„
535 1395 725 1425 oratorum
746 1387 844 1431 vitis,
860 1393 900 1423 et
915 1386 978 1423 AE.
996 1399 1083 1436 epp.
1098 1386 1187 1423 Lat.
1202 1385 1343 1425 Venet.
1366 1382 1471 1433 apud
1487 1381 1602 1418 Hier.

147 1450 308 1488 Scotum
324 1452 360 1487 8.
377 1449 529 1500 (Paris.)
570 1452 683 1488 1546.
700 1449 771 1487 Ph.
789 1456 925 1499 quarta
944 1461 999 1499 gr.
1016 1448 1135 1486 Paris.
1154 1446 1258 1498 apud
1279 1446 1354 1483 Iac.
1372 1443 1598 1494 Bogardum

144 1514 184 1550 4.
206 1511 319 1549 Price
346 1511 581 1549 Rawlinson.
640 1510 816 1547 Eandem
845 1510 960 1547 fuisse
993 1509 1150 1547 arbitror
1182 1508 1220 1544 in
1250 1507 1342 1545 bibl.
1375 1505 1602 1557 Harleyana

145 1573 213 1611 ubi
244 1573 299 1611 sic
329 1580 507 1610 notatur:
537 1574 653 1610 Dem.
689 1573 809 1610 oratio
836 1573 885 1610 ad
918 1572 1133 1623 Philippum
1160 1584 1217 1621 gr.
1247 1569 1366 1607 Paris.
1386 1572 1425 1607 4.
1454 1569 1529 1606 eod.
1551 1567 1601 1605 de

150 1635 281 1673 Rhod.
300 1635 481 1672 libertate
509 1648 566 1685 gr.
587 1634 734 1672 Lovan.
755 1634 859 1685 apud
881 1634 1028 1671 Servat.
1051 1633 1258 1670 Sassenum
1277 1634 1315 1669 4.
1344 1631 1420 1668 eod.
1442 1629 1491 1668 de
1511 1629 1602 1667 Me-

148 1697 277 1747 galop.
298 1704 337 1734 et
357 1697 406 1734 de
424 1696 570 1734 foedere
596 1696 646 1734 ad
666 1696 780 1734 Alex.
808 1709 865 1746 gr.
890 1696 1036 1733 Lovan.
1068 1708 1129 1745 ap.
1153 1694 1298 1731 Servat.
1323 1692 1543 1730 Sassenum.
1563 1694 1604 1730 4.

147 1760 223 1797 eod.
240 1759 356 1797 Dem.
375 1759 482 1796 etAE.
501 1759 599 1810 Epp.
617 1772 673 1810 gr.
686 1758 808 1796 Paris.
822 1759 1000 1797 lVechel.
1013 1761 1050 1795 4.
1068 1754 1337 1808 (Rawlinson.)
1355 1756 1468 1795 1547.
1486 1754 1604 1792 Dem.

149 1835 224 1859 orr.
246 1834 374 1871 graece
391 1821 507 1859 Basil.
526 1821 709 1871 Herwag.
726 1824 763 1859 8.
821 1820 951 1857 Editio
967 1832 1087 1870 penes
1108 1832 1170 1856 me
1186 1825 1259 1855 etc.
1280 1817 1317 1854 in
1334 1817 1432 1854 Bibl.
1452 1816 1604 1866 Colleg.

150 1883 322 1921 Gonvill.
359 1883 442 1921 Caii
475 1883 699 1933 Cantabrig.
732 1883 825 1920 item
857 1882 894 1919 in
928 1882 1019 1920 bibl.
1050 1880 1323 1919 Barberiniana
1352 1880 1489 1917 Romae
1519 1891 1607 1916 cum

150 1945 250 1982 notis
279 1944 399 1982 MSS.
426 1958 538 1995 porro
569 1945 606 1981 in
634 1944 868 1982 bibliotheca
899 1943 1188 1993 Hamburgensi
1223 1942 1365 1980 collata
1394 1954 1481 1979 cum
1515 1940 1606 1980 cod.

151 2013 252 2043 msto
278 2006 546 2056 Lindenburg.
578 2006 787 2056 itidemque
819 2006 923 2056 apud.
954 2005 1112 2042 Kennet
1138 2003 1372 2041 Mackenzie
1392 2002 1498 2040 Juris
1519 2003 1606 2040 Cae-

156 2067 255 2104 sai-ei
276 2067 376 2118 apud
398 2067 624 2118 Edimburg.
666 2068 928 2106 Professorem
951 2067 1090 2105 collata
1109 2080 1196 2104 cum
1210 2066 1347 2103 eodem
1367 2065 1510 2102 codice.
1530 2066 1605 2104 eod.

155 2129 317 2179 Olynth.
334 2137 424 2174 tres,
447 2130 544 2167 Phil.
567 2137 742 2180 quatuor,
761 2144 792 2168 c.
816 2130 1115 2180 Aristogitonem
1136 2129 1222 2165 duae
1242 2142 1298 2178 gr.
1318 2128 1383 2165 lat.
1406 2127 1609 2165 Francfurt

155 2192 259 2242 apud
277 2193 381 2229 Petr.
404 2192 595 2229 Brubacli.
616 2196 652 2230 8.
691 2193 813 2230 Catal.
835 2193 1033 2230 Maittaire
1055 2193 1098 2230 P.
1117 2191 1168 2229 II.
1188 2205 1226 2242 p.
1244 2194 1308 2229 85.
1352 2191 1512 2228 Eaedeni
1534 2204 1609 2231 orr.

155 2267 275 2304 penes
297 2267 369 2298 nie,
392 2254 460 2291 sed
481 2267 609 2303 graece
638 2261 784 2291 tantum
805 2254 1013 2292 deficiente
1032 2253 1172 2304 pagina
1199 2252 1386 2303 principe.
1420 2256 1534 2291 1548.
1560 2253 1608 2292 C.

155 2315 313 2365 Leptin.
337 2315 403 2352 Gr.
427 2315 546 2353 Paris.
569 2316 697 2353 Xtian.
720 2316 898 2354 Wechel.
920 2319 959 2354 4.
979 2317 1054 2353 eod.
1077 2315 1123 2352 C.
1146 2315 1356 2365 Aphobum
1378 2314 1464 2351 duae
1487 2315 1607 2353 Paris.

158 2376 385 2414 Wecl101.4.
409 2376 533 2414 Catal.
553 2377 751 2414 Maittaire
772 2377 818 2414 T.
840 2378 871 2414 l.
886 2391 924 2427 p.
942 2381 1005 2415 86.
1040 2380 1153 2416 1548.
1172 2377 1220 2414 de
1240 2389 1336 2427 pace
1356 2376 1444 2414 Lat.
1467 2376 1610 2413 Leoni-

158 2437 236 2475 ceri
255 2438 342 2475 Bas.
363 2441 400 2475 8.
447 2441 563 2478 15-129.
579 2439 694 2476 Dein.
716 2451 787 2476 orr.
805 2452 861 2489 gr.
882 2440 948 2477 lat.
970 2438 1088 2476 Basil.
1106 2438 1266 2488 Oporin.
1285 2437 1366 2475 Fol.
1397 2437 1613 2475 Vehemen-

156 2505 216 2536 ter
236 2499 389 2549 ambigo
410 2500 459 2537 de
479 2501 556 2538 fide
578 2501 680 2538 istius
701 2501 762 2539 ed.
783 2501 1043 2551 graecolatina.
1080 2500 1210 2538 Wolfii
1239 2507 1278 2537 et
1307 2498 1466 2536 alioruin
1486 2499 1611 2536 versio

158 2561 275 2599 Dem.
297 2562 400 2600 circa
418 2563 493 2600 hoc
514 2570 678 2614 ternpus,
707 2577 753 2600 ex
781 2564 917 2601 eadem
949 2563 1100 2600 officina
1131 2570 1169 2599 et
1196 2563 1230 2598 in
1252 2560 1386 2598 eadem
1414 2561 1549 2605 forma,
1572 2568 1612 2598 et

161 2623 211 2661 ad
240 2637 323 2660 eain
356 2624 478 2675 ipsam
508 2624 621 2662 video
656 2625 841 2663 adludier.
886 2626 959 2662 eod.
998 2625 1094 2662 Phil.
1129 2633 1293 2675 quatuor
1323 2623 1411 2660 Lat.
1444 2623 1613 2661 Manutii

161 2685 304 2723 Venet.
325 2693 362 2724 4.
397 2688 470 2723 cod.
492 2687 609 2724 Dein.
630 2688 688 2725 AE.
720 2699 794 2724 orr.
829 2687 1058 2724 adversaria}
1087 2700 1143 2736 gr.
1166 2686 1306 2723 Venet.
1339 2684 1437 2735 apud
1473 2685 1612 2724 Franc.

163 2747 425 2786 Turrisanum.
443 2751 480 2786 8.
538 2750 613 2787 cod.
635 2762 708 2786 orr.
741 2749 885 2799 aliquot
913 2749 1062 2785 inusuni
1089 2747 1402 2785 adolescentium.
1439 2747 1554 2785 Basil.
1573 2750 1612 2785 8.

162 2809 200 2846 in
226 2810 317 2847 bibl.
338 2810 553 2848 Vindobon.
603 2812 677 2848 cml.
710 2814 823 2849 15-1-9.
846 2810 923 2848 Les
952 2818 1104 2861 quattre
1136 2809 1395 2860 Philippiques
1424 2809 1612 2847 traduites

161 2871 214 2909 du
233 2885 324 2922 grec
355 2886 403 2911 en
431 2872 611 2910 Francois
641 2885 707 2923 per
737 2873 837 2910 Jean
867 2873 1071 2910 l'Aleniant
1092 2871 1211 2910 Paris.
1236 2876 1273 2908 8„
1330 2871 1427 2908 Vide
1456 2871 1612 2908 omnino
