1824 3171
135 94 148 131 l
572 93 900 132 HIERONYMI
930 94 1133 132 WOLFn

133 193 318 245 jungatis,
338 193 514 232 virtutem
533 201 572 233 et
592 195 814 246 sapientiam
831 208 840 234 ς
868 207 993 246 neque
1013 195 1150 233 doctos
1169 194 1329 233 foveatis
1348 193 1483 242 solum,
1503 196 1576 234 sed

134 262 217 292 tum
231 254 299 306 ipsi
320 256 527 294 eruditione
544 256 726 302 floreatis,
741 264 821 294 tum
840 257 976 295 liberos
994 264 1140 294 vestros
1156 257 1202 294 ab
1222 256 1377 295 ineunte
1397 264 1510 295 aetate
1528 258 1574 295 li·

134 317 315 355 beraliter
335 317 475 355 institui
495 318 659 356 curetis:
689 325 732 355 ut
751 319 922 356 omnibus
942 325 980 356 et
1000 318 1113 355 animi
1136 325 1174 356 et
1194 318 1356 356 fortunae
1380 319 1488 356 bonis
1508 332 1576 357 cu-

133 378 265 416 mulati
296 378 392 417 sint:
422 386 460 416 et
485 379 635 416 homine
667 379 842 431 prudenti
871 379 1037 417 maxime
1072 380 1226 430 dignam
1258 381 1576 426 moderationem,

134 452 210 490 qua
222 453 298 478 una
317 447 354 478 et
374 440 449 478 Dei
470 447 509 478 et
527 440 691 478 fortunae
707 447 746 478 et
764 441 959 478 hominum
975 441 1081 478 favor
1101 448 1180 478 tum
1199 449 1365 492 paratur,
1385 449 1467 479 turn
1486 455 1576 480 con-

134 510 319 548 servatur,
341 510 468 541 vestro
489 503 666 554 exemplo
687 503 838 540 discant
856 516 901 541 ac
916 503 1127 540 retineant:
1147 510 1186 541 et
1204 503 1276 541 hac
1293 504 1372 541 vita
1388 503 1443 541 sic
1463 510 1575 540 utan-

134 571 210 610 tur,
241 572 283 602 ut
309 565 432 603 beatae
456 565 740 602 immortalitatis
769 577 874 615 spem
903 565 1046 602 habere
1075 564 1234 615 possint.
1289 566 1384 607 Quae
1408 577 1494 602 cum
1523 564 1577 602 ita

135 625 222 672 sint,
244 626 396 664 omnino
425 626 515 663 mihi
542 626 769 677 persuadeo,
789 625 845 662 vir
870 625 1120 671 omatissime‚
1151 632 1187 663 te
1215 638 1343 664 meum
1370 626 1446 663 hoc
1466 637 1576 676 opus,

135 700 275 738 magno
303 687 428 725 studio
457 700 501 725 ae
528 687 659 725 labore
684 686 863 738 (quisquis
891 687 1047 724 tandem
1080 687 1127 725 sit
1158 693 1326 732 eventus,
1360 699 1475 737 quem
1499 698 1578 723 non

135 750 277 786 malum
304 750 384 787 fore
405 756 442 786 et
462 756 553 800 opto
573 756 612 786 et
631 751 757 800 spero)
784 749 1019 794 confectum,
1050 748 1149 798 aequi
1178 748 1343 798 bonique
1362 748 1575 785 facturum:

137 819 177 848 et
196 811 232 848 in
251 810 555 862 splendidissima
573 810 805 848 bibliotheca
823 818 901 855 tua,
918 823 1031 860 quam
1051 809 1198 860 magnis
1215 810 1399 847 sumtibus
1414 808 1450 845 in
1467 807 1579 845 Italia

137 884 378 922 comparasse
395 871 547 916 diceris,
563 872 788 908 instructam
807 871 934 908 multis
950 871 1115 920 egregiis
1134 870 1250 915 libris,
1270 870 1334 920 qui
1353 870 1540 906 hactenus
1555 879 1579 905 a.

135 933 267 983 paucis
294 939 381 970 sunt
408 932 490 977 visi,
519 932 634 969 latino
658 931 914 969 Demostheni
942 930 1086 981 aliquid
1114 931 1191 968 loci
1220 930 1420 967 daturum:
1453 935 1493 967 et
1515 941 1578 966 me

135 1007 211 1032 una
239 1007 325 1032 cum
353 1001 489 1044 patruo
522 1000 590 1031 tuo
611 994 780 1038 Antonio,
811 1005 835 1030 a
861 992 987 1029 latinis
1015 991 1133 1029 literis
1164 1004 1240 1028 non
1272 989 1505 1036 abhorrenti,
1537 996 1580 1027 et

134 1054 251 1092 fratre
273 1055 446 1104 Georgio,
476 1054 538 1104 qui
558 1061 597 1092 et
625 1054 705 1105 ipse
732 1067 818 1091 cum
848 1061 1073 1091 caeterarum
1093 1053 1387 1104 disciplinarum,
1417 1059 1499 1090 tum
1520 1052 1578 1089 di-

136 1118 234 1154 vinae
255 1117 480 1155 Matheseos
508 1115 546 1152 in
573 1115 702 1166 primis
730 1115 921 1153 studiosus
950 1128 1035 1153 esse
1054 1115 1215 1153 dicitur:
1245 1121 1283 1152 et
1313 1113 1434 1152 altero
1460 1113 1578 1151 fratre

139 1179 350 1224 Ηιιῖιίενὶεο,
385 1178 632 1216 adolescente
663 1177 797 1214 summi
829 1177 983 1228 ingenii,
1018 1184 1058 1216 et
1086 1177 1235 1228 optimis
1263 1175 1410 1221 studiis,
1440 1186 1579 1224 magna

136 1239 335 1277 modestiae
353 1239 468 1285 fama,
490 1238 735 1283 deditissimo,
756 1239 966 1289 patrocinio
987 1238 1189 1288 complecti
1209 1245 1248 1275 et
1267 1237 1394 1274 fovere
1414 1248 1491 1272 non
1510 1236 1577 1273 de-

135 1302 396 1352 dignaturum.
452 1300 640 1351 Equidem
660 1313 785 1351 spero,
800 1313 862 1338 me
882 1301 1069 1338 hactenus
1085 1312 1169 1337 eam
1187 1299 1274 1336 vitae
1290 1297 1578 1347 studiorumque

137 1363 320 1400 rationem
338 1370 378 1400 et
396 1368 567 1400 secutum
588 1375 684 1407 esse,
701 1369 752 1406 et,
774 1362 902 1412 quoad
919 1362 1066 1407 vixero,
1081 1368 1315 1406 secuturum,
1336 1367 1378 1397 ut
1397 1358 1578 1410 quicquid

136 1423 175 1460 in
194 1436 267 1468 me,
288 1436 357 1474 pro
378 1423 605 1460 liberalitate
620 1429 746 1460 vestra
762 1430 800 1460 et
818 1423 1052 1460 humanitate
1071 1420 1321 1466 contuleritis,
1341 1419 1381 1457 id
1403 1432 1481 1458 non
1497 1427 1578 1457 tarn

138 1484 227 1521 mihi
244 1484 514 1532 necessarium,
533 1497 646 1535 quam
667 1483 773 1522 vobis
789 1483 1036 1521 honorificum
1055 1483 1173 1521 fuisse
1192 1482 1385 1520 videatur.
1554 1487 1556 1490 ’

741 1661 803 1698 Ad
830 1660 973 1698 eundem

487 1759 923 1809 HIERONYMI
961 1759 1230 1808 WOLFII

401 1876 450 1912 In
477 1875 759 1913 Demosthenicae
787 1877 1021 1913 conversionis
1049 1876 1322 1926 recognitionem

769 1945 958 1996 Proefatio.

194 2030 397 2068 EvENmE
417 2030 602 2075 videmus,
618 2030 673 2067 vir
693 2029 1014 2080 praestantissime,
1032 2029 1199 2067 Domine
1215 2035 1253 2067 et
1266 2036 1427 2080 patrone
1448 2031 1578 2069 obser·

141 2093 275 2138 vande,
297 2093 426 2130 nescio
456 2105 530 2142 quo
559 2092 636 2129 sive
665 2092 861 2129 hominum
889 2091 1043 2137 affectu,
1064 2091 1142 2129 sive
1170 2091 1281 2141 genio
1311 2091 1504 2137 librorum,
1535 2099 1578 2129 ut

142 2153 203 2191 alii
223 2154 282 2190 vel
309 2161 397 2192 ante
425 2167 513 2191 suos
542 2160 694 2191 autores
723 2153 944 2198 moriantur,
974 2153 1036 2190 alii
1067 2153 1201 2190 iterum
1232 2159 1345 2202 atque
1373 2152 1509 2189 iterum
1539 2160 1578 2190 et

140 2216 278 2266 saepius
296 2215 434 2261 recusi,
449 2215 498 2253 ad
516 2214 747 2265 posteritatis
768 2213 987 2251 memoriam
1003 2220 1276 2263 propagentur.
1333 2213 1471 2264 Neque
1490 2213 1576 2251 haec

141 2284 281 2314 nostrae
299 2277 484 2314 duntaxat
497 2276 618 2313 aetatis
635 2274 804 2313 conditio
824 2280 893 2319 est,
915 2274 983 2311 sed
1003 2274 1167 2311 omnium
1188 2281 1420 2325 temporum:
1449 2287 1578 2326 neque

142 2351 272 2376 earum
292 2338 547 2389 scriptionum,
567 2349 661 2387 quas
689 2350 759 2374 suo
779 2336 937 2387 quisque
963 2336 1117 2387 ingenio
1145 2336 1306 2386 perficit,
1331 2337 1402 2374 sed
1432 2337 1577 2375 illarum

141 2400 269 2445 etiam,
289 2412 373 2449 quae
402 2412 448 2437 ex
467 2399 675 2450 peregrinis
694 2398 832 2448 linguis
851 2398 887 2434 in
909 2397 1000 2435 alias
1017 2398 1306 2437 transferuntur.
1365 2398 1428 2436 Sic
1448 2407 1577 2437 autem

141 2460 394 2498 diuturnitatis
409 2468 448 2499 et
463 2459 744 2511 propagationis
764 2459 891 2510 scripti
911 2462 1091 2509 cujusque
1114 2460 1324 2497 certissima
1339 2473 1424 2511 spes
1444 2467 1514 2506 est,
1533 2468 1577 2498 ut

140 2521 442 2560 consentientem
462 2521 674 2559 seculorum
694 2520 1006 2571 approbationem
1028 2521 1207 2558 emeruit:
1237 2534 1282 2558 ac
1305 2521 1343 2566 ii,
1363 2529 1444 2558 turn
1464 2528 1575 2572 typo-

137 2582 283 2634 graphi,
304 2590 383 2620 tum
398 2583 627 2633 bibliopolae,
648 2583 724 2619 suis
739 2581 957 2627 rationibus,
973 2589 1015 2618 ut
1030 2595 1104 2618 non
1122 2582 1157 2618 in
1171 2583 1375 2632 praesentia
1394 2584 1494 2631 (nam
1509 2584 1578 2620 ho-

138 2644 280 2681 minum
298 2644 482 2694 imperitia
499 2651 538 2682 et
554 2643 763 2682 vanissimae
778 2643 952 2680 novitatis
969 2643 1134 2680 studium
1152 2644 1299 2681 veritati
1317 2657 1418 2694 saepe
1435 2645 1576 2694 obstat)

139 2713 266 2743 tamen
283 2705 331 2742 ad
347 2705 625 2743 diuturnitatem
640 2705 781 2756 optime
800 2704 998 2742 consulere
1014 2704 1200 2749 videntur,
1222 2705 1283 2755 qui
1304 2705 1575 2745 vetustissimos

138 2779 312 2819 quosque
332 2775 495 2812 autores,
517 2781 674 2817 quorum
705 2774 929 2817 perspectus
950 2773 1007 2803 cst
1031 2765 1110 2815 ipsa
1133 2774 1244 2803 aetatc
1265 2767 1413 2817 genius,
1434 2768 1502 2805 sibi
1523 2770 1576 2807 sa-

135 2828 298 2867 miliares
311 2828 570 2866 reddiderunt.
628 2828 765 2879 Neque
786 2841 874 2866 vcro
896 2840 959 2865 cos
980 2827 1166 2878 improbo,
1187 2829 1247 2878 qui
1264 2842 1361 2867 nova
1382 2830 1570 2880 quasdam,
