1824 3171
111 121 223 163 lxviii
550 117 888 161 HIERONYMI
918 118 1121 158 WOLFII

108 236 215 264 mum
242 223 345 263 enim
375 224 573 275 exemplar
600 224 653 262 ita
679 224 930 276 depravatum
958 229 1032 273 est,
1060 228 1142 260 tum
1172 219 1399 260 confusione
1433 217 1568 258 distin-

113 287 296 336 ctionum,
316 292 356 324 et
374 285 498 324 verbis
518 285 792 323 Demosthenis
820 285 869 323 ab
897 284 1051 335 Ulpiani
1071 283 1329 335 explicatione
1348 280 1453 319 nulla
1479 286 1572 318 nota

113 354 181 386 aut
207 347 410 386 intervallo
438 345 645 397 separatis:
675 353 756 383 tum
784 353 851 384 aut
870 345 1088 391 immutatis,
1108 351 1174 382 aut
1192 343 1342 389 additis,
1364 350 1432 381 aut
1459 351 1574 392 repe-

114 409 206 455 titis,
227 414 292 446 aut
311 407 458 446 omissis
476 407 685 453 vocabulis,
711 406 906 445 interdum
933 406 1048 444 etiam
1067 406 1157 444 totis
1185 404 1396 451 sententiis,
1417 410 1458 441 ut
1476 402 1574 441 affir-

114 484 221 509 mare
240 483 318 508 non
338 469 523 516 dubitem,
543 482 606 508 me
625 469 771 507 nullum
796 469 857 506 vel
886 468 924 505 in
945 468 1098 513 Graeca,
1127 467 1189 505 vel
1218 467 1257 504 in
1275 466 1416 504 Latina
1441 465 1575 515 lingua

121 532 300 571 codicem
330 530 473 569 vidisse
501 532 612 582 pejus
641 536 859 568 tractatum.
915 528 1070 567 Deinde
1087 529 1291 576 ἐξηγήσεις,
1313 539 1408 578 quas
1428 537 1579 563 enarra-

118 594 242 631 tiones
274 591 517 643 interpretari
541 591 642 638 licet,
663 592 842 630 videntur
871 589 1081 628 orationem
1109 588 1303 640 requirere
1334 594 1575 638 perpetuam,

120 657 227 703 cujus
259 653 324 692 hic
356 652 498 692 alicubi
525 653 687 704 vestigia
718 653 895 705 quaedam
928 658 1140 703 apparent:
1178 658 1221 688 ut
1253 649 1480 694 existimem,
1511 645 1577 685 ubi

119 716 239 754 verba
259 714 534 753 Demosthenis
564 714 723 753 seorsim
753 721 960 765 ponuntur,
981 713 1034 751 ibi
1054 714 1102 751 ab
1131 712 1260 763 aliquo
1287 711 1469 749 librorum
1497 720 1580 747 cor·

122 783 290 827 ruptore,
314 783 354 814 et
372 776 589 827 importune
619 775 790 813 studioso
819 774 1027 820 brevitatis,
1047 773 1205 825 Ulpiani
1234 773 1352 811 verba
1381 770 1579 821 complura

121 849 208 876 esse
237 843 401 883 resecta,
431 843 476 874 ut
506 835 736 875 scholiorum
766 835 918 880 faciem,
948 848 1025 873 non
1053 835 1260 884 ἐξηγήσεων
1278 847 1360 885 prae
1379 846 1424 871 se
1440 832 1579 878 ferant,

123 905 241 948 atque
268 904 399 935 assuta
418 896 556 935 aliena.
613 897 657 934 In
677 895 957 935 connectendis
985 894 1140 945 quidem
1169 895 1330 932 aliorum
1348 893 1475 931 verbis
1503 905 1582 931 ma-

121 972 200 1011 gna
217 965 276 996 est
296 958 524 996 Craecorum
550 956 727 1002 felicitas,
748 963 889 1008 praeter
909 962 1051 993 caetera
1069 955 1129 993 vel
1150 955 1189 992 in
1215 955 1274 993 his
1295 955 1445 992 duabus
1466 952 1582 1005 parti-

125 1019 235 1066 culis,
255 1019 295 1058 τὸ
315 1024 354 1058 et
374 1018 425 1066 δὲ,
439 1019 576 1070 quibus
595 1031 670 1058 ceu
682 1018 879 1070 Delphico
900 1015 1028 1068 gladio
1044 1023 1231 1054 utuntur:
1253 1030 1338 1054 cum
1359 1016 1496 1054 eadem
1508 1014 1586 1052 La·

122 1081 205 1120 tino
224 1093 402 1120 sermone
421 1081 503 1119 sine
520 1081 645 1132 longis
662 1088 701 1119 et
720 1079 891 1119 molestis
912 1079 1138 1130 ambagibus
1158 1079 1342 1131 explicari
1362 1078 1466 1117 nulla
1492 1077 1585 1116 rati-

122 1155 196 1181 one
214 1142 373 1195 possint.
430 1143 526 1181 Huc
545 1143 699 1182 accedit
716 1142 992 1181 vocabulorum
1011 1141 1177 1180 maxima
1205 1148 1244 1179 et
1272 1140 1382 1192 copia
1402 1147 1442 1179 et
1460 1139 1584 1178 varie-

123 1211 196 1251 tas,
217 1211 258 1243 et
276 1205 394 1256 longe
422 1204 510 1251 alia,
530 1217 646 1256 quam
665 1204 905 1251 Latinorum,
925 1203 1045 1242 ratio:
1075 1207 1183 1252 quus
1203 1203 1357 1255 generis
1378 1209 1481 1250 sunt,
1500 1208 1543 1239 ut
1562 1212 1586 1239 e

125 1266 255 1305 multis
274 1278 400 1318 pauca
418 1266 600 1312 delibem,
627 1267 841 1320 κεφάλαιον,
860 1269 906 1304 τὰ
924 1267 991 1304 ἀπ’
1009 1267 1130 1317 ἀρχῆς
1158 1267 1246 1318 ἄχρι
1274 1269 1420 1316 τέλους,
1436 1269 1587 1316 σημεῖα,

126 1331 262 1375 εἰκότα,
283 1330 470 1381 τεκμήρια,
492 1330 730 1374 ἀντιπῖπτον,
751 1327 956 1374 ἀντίθεσις,
985 1327 1243 1380 ἀνθυποφορὰ,
1275 1327 1478 1377 σύγκρισις,
1498 1328 1588 1364 ἀντ·

129 1393 307 1437 εξέτασις,
339 1389 561 1440 παράθεσις,
595 1390 935 1440 ἀντιπαράστασις,
976 1389 1166 1434 ἔνστασις,
1206 1391 1452 1434 ἀντίστασις,
1477 1386 1590 1426 κατά-

129 1467 276 1497 στασις,
297 1455 607 1503 προκατάστασις,
628 1452 817 1504 ἔκφρασις,
845 1451 1029 1498 διασκευὴ,
1057 1451 1292 1496 διατύπωσις,
1320 1452 1589 1496 ἀποσιώπησις,

129 1513 396 1558 ὓποσιώπησις,
421 1513 625 1564 ἀναίρεσις,
651 1514 873 1559 α’πόστασις,
907 1514 1114 1566 ἀνατροπὴ,
1136 1515 1348 1564 περιτροπὴ,
1369 1513 1590 1559 πηλικότης,

127 1575 303 1620 ποσότης,
333 1572 511 1624 μέγεθος,
533 1573 686 1620 εἴσοδος,
712 1573 884 1622 εἰσβολὴ,
906 1576 1119 1628 εἰσαγωγὴ,
1146 1576 1436 1624 προκατασκευὴ,
1463 1571 1594 1625 προθε-

128 1639 275 1684 ραπεία,
309 1634 595 1687 προδιόρὲωσις,
628 1635 828 1687 συνδρομὴ,
861 1636 1074 1688 περιδρομὴ,
1111 1640 1364 1691 συγχώρησις,
1399 1634 1591 1679 σῦστασις,

128 1695 365 1748 ἐπιχείρημα,
382 1696 576 1743 ἀπόδειξις,
599 1696 771 1749 ἔλεγχος,
792 1696 1002 1749 ἐνθύμημα,
1024 1701 1158 1749 νόημα,
1178 1698 1317 1743 ἔννοια,
1337 1704 1375 1734 et
1395 1696 1467 1734 alia
1488 1708 1592 1733 com-

130 1756 255 1807 plura.
277 1770 351 1795 nec
370 1757 472 1795 enim
499 1757 628 1797 omnia
655 1771 860 1796 recensere
888 1759 1046 1797 institui.
1101 1759 1127 1798 J
1131 1772 1191 1797 am
1211 1758 1304 1809 quid
1323 1757 1443 1796 facias
1463 1758 1500 1795 in
1519 1756 1593 1794 illis

131 1817 346 1867 adjectivis,
378 1817 521 1865 ἠθικὸν,
549 1818 769 1866 παθητικὸν,
800 1821 1074 1871 πραγματικὸν,
1096 1820 1446 1870 προκαταστατικόν,
1470 1833 1594 1856 συνεκ-

131 1878 244 1924 τικὸν,
265 1878 537 1924 α’ντιστατικὸν,
557 1879 783 1927 ἐπιλογικὸν,
802 1882 1057 1932 προοιμιακὸν,
1079 1881 1398 1932 α’προσὸιόριστον,
1420 1888 1536 1930 atque
1555 1878 1595 1916 id

133 1952 257 1990 genus
276 1938 368 1984 aliis,
389 1952 476 1988 quae
497 1939 693 1989 quomodo
722 1941 977 1991 explicentur,
1007 1942 1079 1979 nisi
1100 1949 1167 1979 aut
1186 1941 1402 1992 improprie,
1424 1949 1489 1978 aut
1508 1942 1596 1978 bar-

132 2001 240 2045 bare,
257 2006 323 2037 aut
341 1999 466 2049 longis
487 2000 692 2036 verborum
711 2001 951 2050 ambagibus,
974 2002 1153 2051 equidem
1173 2015 1250 2038 non
1271 2002 1421 2051 reperio
1438 2015 1446 2039 :
1477 2009 1520 2040 ut
1539 2001 1595 2039 ni-

133 2060 187 2097 hil
208 2060 347 2103 dicam,
375 2072 424 2097 ea
450 2067 650 2110 praecepta
683 2060 832 2106 artium,
854 2074 940 2110 quae
973 2069 1129 2099 secutus
1151 2069 1207 2099 est
1230 2062 1433 2112 Ulpianus,
1455 2063 1508 2100 ita
1528 2063 1595 2100 ab·

135 2121 293 2159 horrere
321 2122 370 2158 ab
400 2133 447 2158 ea
475 2126 515 2158 et
535 2120 764 2158 Graecorum
793 2129 832 2159 et
852 2121 1078 2159 Latinorum
1101 2123 1288 2167 doctrina,
1309 2137 1403 2173 quos
1422 2124 1536 2162 hodie
1558 2124 1595 2161 in

135 2182 277 2220 scholis
305 2181 475 2231 plerique
503 2189 729 2231 sequuntur,
753 2189 795 2219 ut
822 2195 924 2232 saepe
954 2183 1107 2220 difficile
1137 2184 1185 2220 sit
1214 2183 1395 2229 divinare,
1415 2185 1506 2235 quid
1525 2184 1596 2223 sibi

138 2243 242 2281 velit.
281 2243 382 2280 Haec
402 2249 441 2280 et
460 2242 571 2290 huJus
593 2242 743 2292 generis
763 2243 838 2281 alia
857 2243 1101 2281 incommoda
1121 2258 1210 2282 cum
1231 2246 1412 2283 attentius
1434 2258 1598 2296 perpen-

139 2305 286 2351 derem,
307 2317 443 2355 parum
462 2303 600 2349 abfuit,
622 2304 713 2354 quin
739 2311 863 2342 totum
891 2305 1101 2356 Ulpianum
1123 2306 1355 2352 desererem,
1377 2307 1495 2358 ipsius
1516 2308 1597 2345 De-

137 2366 347 2404 mosthenis
370 2365 618 2403 conversione
643 2372 859 2404 contentus.
917 2366 997 2404 Sed
1023 2380 1140 2418 quum
1160 2367 1322 2405 aliorum
1345 2369 1598 2419 complurium

138 2428 263 2465 editos
283 2427 320 2464 in
336 2427 641 2465 Demosthenem
663 2428 966 2473 commentarios,
983 2429 1046 2478 qui
1067 2442 1170 2479 saepe
1191 2429 1228 2466 in
1247 2429 1320 2467 hoc
1337 2443 1453 2481 opere
1475 2431 1596 2468 citan-

140 2496 228 2526 tur:
258 2487 471 2536 cujusmodi
493 2494 580 2526 sunt
595 2488 753 2538 Apsinis
774 2489 985 2535 Genethlii,
1009 2490 1230 2541 AEsculapii,
1250 2491 1480 2536 Alexandri,
1503 2492 1600 2530 Dio-

139 2549 232 2595 cori,
267 2549 446 2594 Zenonis,
482 2549 652 2600 Aspasii‚
686 2557 725 2587 et
757 2550 930 2595 alioruin,
968 2563 989 2588 e
1023 2551 1159 2601 quibus
1190 2553 1310 2589 multa
1329 2552 1366 2588 in
1387 2552 1597 2603 Ulpianum

140 2611 326 2649 translata
355 2623 439 2647 esse
468 2610 666 2661 suspicor:
697 2618 736 2649 et
755 2612 837 2662 ipse
860 2612 1046 2662 Ulpianus
1080 2621 1215 2662 quarta
1250 2614 1472 2664 Philippica,
1507 2615 1596 2661 ⁷42²,

143 2671 278 2723 inquit,
309 2673 348 2709 ἐν
367 2675 507 2714 τούτοις
533 2674 660 2723 α’σαφῆ
691 2674 995 2722 παραστὴσουσιν
1024 2674 1056 2710 οἶ
1083 2675 1280 2723 ἑξηγηταίῑ
1312 2682 1351 2712 et
1370 2675 1407 2712 in
1425 2676 1598 2714 oratione

143 2734 193 2771 de
212 2733 358 2771 foedere
380 2733 645 2778 Alexandre0‚
672 2737 734 2771 οὐκ
754 2736 856 2773 ἔστιν
876 2735 1027 2780 ἄδηλον,
1059 2735 1193 2786 inquit,
1225 2741 1302 2779 τοῖς
1335 2737 1598 2787 φιλομαθέσιν,

143 2797 180 2841 ἐξ
205 2793 256 2833 ὦν
282 2794 534 2843 ιὶνεγνώκασιιι
565 2799 858 2847 ὑπομιήμάτωνῑ
890 2810 955 2834 eos
987 2796 1101 2846 igitur
1135 2810 1266 2835 omnes
1301 2800 1598 2838 commentarios

143 2870 228 2894 cum
249 2864 397 2906 tempus
417 2856 639 2901 aboleverit,
662 2864 699 2893 et
733 2858 817 2894 huic
849 2858 908 2894 uni
940 2858 1082 2895 tamdiu
1114 2859 1342 2909 pepercerit,
1377 2860 1461 2910 (etsi
1496 2861 1595 2898 enim
