1824 3171
578 177 653 215 AD
685 175 1147 216 DEMOSTHENEM.
1500 176 1588 213 clxv

141 285 395 336 Hei-wagiana
412 281 546 334 prima,
568 280 797 325 Felicianea‚
819 288 858 320 et
875 281 1105 319 Manutiana
1132 294 1170 330 p.
1188 283 1275 318 138.
1308 279 1589 329 Castigatioues

141 356 181 386 et
200 347 313 385 variae
331 343 517 382 lectiones
535 343 574 379 in
596 343 898 381 Demosthenem
917 355 987 393 per
1003 341 1247 379 Vincentium
1267 341 1519 391 Obsopoeum,
1542 341 1590 378 de

141 409 276 459 quibus
290 406 404 457 paulo
418 411 503 455 post
525 404 689 442 dicetur.
715 419 754 455 p.
778 408 866 443 145.
884 404 996 442 variae
1024 404 1210 441 lectiones
1239 403 1288 440 ad
1309 403 1423 440 Dem.
1440 415 1489 438 ex
1512 403 1592 438 edi-

143 470 246 506 tione
266 466 493 504 Felicianea.
521 480 560 516 p.
578 469 666 506 157.
711 466 843 503 Wolfii
877 465 1141 503 annotationes
1162 465 1212 502 ad
1233 463 1535 502 Demosthenem
1569 475 1591 499 e

143 529 276 569 codice
295 528 517 566 Lutetiano.
539 541 576 579 p.
594 531 684 567 159.
704 540 818 578 quam
847 527 1001 578 appello
1009 527 1247 577 farraginem
1273 525 1496 573 Wolfianam.
1517 537 1593 573 qua

140 589 380 640 consignavit
399 602 530 627 omnes
558 589 745 626 lectiones
765 589 828 626 ed.
844 588 977 626 Lutet.
998 601 1021 626 a
1040 601 1107 625 sua
1129 587 1405 636 discrepantes,
1421 599 1507 623 cum
1534 585 1590 622 in-

138 651 278 702 spersis
299 650 375 688 suis
392 650 622 699 conjecturis
642 650 748 688 novis
764 663 833 688 seu
849 650 947 687 curis
964 649 1157 687 secundis.
1216 648 1387 685 Diversae
1403 646 1591 684 lectiones

140 712 285 751 codicis
306 713 540 763 Augustani.
566 726 606 763 p.
626 715 714 753 179.
746 712 902 750 Scholia
931 711 1075 749 codicis
1105 709 1318 760 Augustani
1348 709 1522 759 ejusdem
1553 722 1592 758 p.

143 778 232 814 193.
247 774 362 812 variae
377 774 566 812 lectiones
585 774 624 811 in
638 774 726 811 Vita
743 774 856 812 Dem.
873 787 896 811 a
911 773 1119 811 Plutarcho
1139 772 1284 822 scripta
1299 786 1336 822 p.
1354 775 1441 811 199.
1459 770 1592 808 Wolfii

138 843 287 874 veteres
308 836 555 887 praefationes
575 843 615 874 et
635 836 804 874 carmina
823 848 949 886 graeca
975 842 1090 885 atque
1109 833 1240 871 latina.
1299 833 1379 870 Hic
1409 839 1467 870 est
1499 845 1592 870 con-

138 904 306 949 spectus,
328 897 413 935 haec
442 897 558 935 series
588 897 713 948 operis
733 897 928 935 VVolfiani.
947 897 1143 934 videamus
1163 908 1265 933 nunc
1285 895 1334 932 de
1364 893 1591 946 quibusdam

138 959 276 996 horum
294 959 510 996 libellorum
526 959 700 997 seorsim.
756 959 924 996 Primum
945 958 993 995 de
1014 957 1259 1008 dispositione
1280 964 1395 1007 atque
1415 955 1593 993 distribu-

137 1020 243 1058 tione
273 1027 383 1059 oratt.
414 1021 527 1058 Dem.
555 1021 759 1059 WVolfiana.
817 1020 1021 1058 Orationes
1052 1019 1324 1057 Demosthenis
1353 1019 1392 1056 in
1422 1019 1592 1056 editione

138 1081 296 1127 Aldina,
317 1095 393 1119 una
419 1082 600 1119 continua
629 1083 738 1128 serie,
768 1082 850 1120 sine
879 1083 958 1119 ulla
987 1081 1254 1119 distributione
1283 1081 1321 1117 in
1353 1080 1507 1125 classes,
1536 1080 1592 1118 le-

138 1151 292 1195 guntur.
348 1143 496 1181 Primus
517 1157 581 1182 eas
600 1144 638 1181 in
657 1151 734 1181 tres
751 1151 876 1181 tomos
897 1156 965 1181 seu
981 1143 1134 1187 classes,
1153 1142 1344 1179 distribuit
1362 1141 1590 1186 Fehcianus,

139 1218 254 1256 quem
274 1205 442 1242 imitatus
463 1213 522 1243 est
542 1206 683 1243 Paulus
706 1206 920 1243 Manutius.
951 1205 1074 1256 prima
1099 1204 1229 1242 classis
1259 1211 1366 1241 tenet
1389 1203 1592 1254 Olynthia-

138 1281 216 1312 cas,
238 1267 484 1318 Philippicas,
503 1268 704 1314 suasorias,
724 1267 919 1318 prooemia,
952 1274 991 1304 et
1016 1267 1112 1304 duas
1145 1266 1434 1312 ostensionales,
1467 1265 1592 1316 operis

137 1329 446 1380 appendiculam.
466 1330 661 1368 secundus
686 1336 812 1367 tomus
832 1336 940 1367 tenet
959 1329 1122 1380 publicis
1139 1329 1178 1365 in
1196 1328 1321 1366 causis
1342 1328 1478 1375 dictas,
1496 1341 1591 1379 quas

138 1405 254 1442 supra
285 1392 561 1430 recensuimus.
591 1393 707 1430 tertia
736 1392 902 1442 reliquas
937 1405 1078 1429 omnes.
1137 1390 1251 1428 Wolf
1277 1398 1407 1428 autem
1439 1391 1487 1428 ab
1517 1390 1592 1428 hac

137 1453 404 1491 distributione
424 1453 570 1492 duabus
589 1454 629 1490 in
647 1454 760 1491 rebus
779 1453 968 1498 discessit,
1019 1455 1056 1503 1)
1074 1467 1095 1491 e
1117 1453 1263 1491 duabus
1291 1460 1424 1490 contra
1444 1452 1593 1490 AEschi-

135 1529 226 1554 nem
245 1515 489 1561 orationibus,
509 1529 594 1566 quae
614 1516 652 1552 in
678 1516 767 1553 edd.
788 1516 977 1553 Bernardi
1005 1523 1044 1553 et
1063 1515 1174 1553 Pauli
1200 1528 1286 1566 pars
1312 1514 1405 1551 tomi
1430 1513 1592 1552 secundi

136 1584 239 1623 sunt,
258 1584 405 1615 tomum
432 1578 680 1628 peculiarem,
705 1591 864 1616 numero
886 1577 1097 1616 secundum
1117 1577 1220 1622 fecit,
1248 1576 1386 1614 additis
1403 1576 1592 1613 AEschinis

137 1639 386 1685 orationibus,
409 1653 495 1690 quae
515 1647 643 1677 autem
662 1640 701 1677 in
723 1641 813 1678 edd.
830 1641 948 1679 Bern.
970 1647 1008 1677 et
1025 1640 1135 1678 Pauli
1155 1640 1299 1690 reliqua
1318 1639 1477 1677 secundi
1497 1639 1591 1676 tomi

134 1701 347 1752 implebant
377 1701 583 1747 orationes,
604 1709 647 1738 ut
667 1701 873 1752 Leptinea,
893 1702 1080 1747 Mifflana,
1099 1702 1260 1738 Androt.
1279 1700 1508 1738 Aristocrat.
1530 1701 1595 1737 Ti-

135 1770 298 1801 mocrat.
317 1763 570 1814 Aristogiton.
591 1763 665 1800 illis
681 1764 797 1801 Wolf
812 1764 964 1801 tertium
984 1771 1131 1801 tomum
1152 1776 1217 1800 seu
1241 1762 1401 1800 classem
1421 1762 1592 1812 assigna-

134 1823 201 1871 vit,
219 1839 295 1877 quo
313 1826 475 1872 factum,
505 1833 547 1863 ut
572 1840 656 1877 quae
682 1827 721 1863 in
742 1827 832 1865 edd.
853 1827 976 1864 Felic.
1009 1834 1049 1863 et
1079 1826 1123 1863 P.
1146 1824 1313 1862 Manutii
1347 1831 1447 1861 esset
1478 1824 1594 1862 tertia

135 1889 278 1935 classis,
297 1903 344 1927 ea
357 1893 437 1938 jam
450 1889 489 1926 in
505 1889 568 1928 ed.
585 1890 779 1928 'Wolfiana
798 1890 847 1928 sit
868 1896 1016 1940 quarta.
1076 1888 1156 1926 Sed
1177 1894 1216 1924 et
1235 1900 1283 1924 ex
1302 1887 1375 1924 hac
1396 1894 1594 1938 postrema

137 1951 271 1996 classe,
298 1965 385 2002 quae
406 1958 464 1989 est
489 1951 722 2002 privatarum
754 1965 988 1997 caussarum,
1019 1957 1098 1988 tres
1119 1950 1313 1987 orationes
1334 1950 1449 1987 Wolf
1471 1957 1595 1987 trans-

135 2013 224 2050 tulit
242 2013 281 2049 in
302 2013 464 2050 classem
485 2013 566 2051 aliis
594 2015 774 2060 mediam,
796 2013 866 2052 sibi
885 2013 1050 2058 tertiam,
1072 2012 1262 2050 orationes
1281 2019 1375 2062 puta
1392 2011 1429 2047 in
1460 2012 1593 2048 Eubu-

138 2074 268 2120 lidem,
288 2074 328 2110 in
348 2075 618 2120 Theocrinem,
640 2083 680 2113 et
698 2076 738 2112 in
757 2076 952 2120 Neaeram,
974 2073 1079 2124 quod
1098 2087 1162 2111 eas
1191 2074 1380 2111 orationes
1401 2073 1594 2118 crederet,

137 2149 216 2173 non
241 2136 418 2186 privatas,
447 2136 515 2173 sed
542 2136 714 2186 publicas
747 2149 882 2174 causas
910 2136 1070 2185 agitare.
1108 2135 1149 2184 2)
1167 2135 1291 2172 Tomo
1321 2134 1444 2185 primo
1475 2135 1595 2172 admi-

137 2192 250 2241 scuit,
280 2204 421 2247 praeter
448 2197 632 2248 epistolas
664 2197 938 2236 Demosthenis
965 2204 1003 2235 et
1022 2197 1225 2241 AEschinis‚
1247 2197 1362 2234 etiarn
1384 2197 1597 2235 orationem

140 2258 328 2296 Dinarchi
346 2259 384 2294 in
401 2259 721 2297 Demosthenem.
776 2260 901 2297 Tomo
917 2259 1090 2297 secundo
1111 2259 1322 2297 orationem
1348 2272 1419 2310 pro
1440 2273 1594 2305 corona,

137 2319 277 2370 quaein
297 2319 379 2356 aliis
401 2320 575 2357 omnibus
597 2320 829 2358 editionibus
858 2321 1055 2358 antecedit
1082 2320 1183 2357 illam
1204 2321 1252 2358 de
1270 2320 1367 2358 falsa
1385 2321 1594 2371 legatione,

137 2381 228 2418 huic
262 2380 376 2418 Wolf
420 2382 646 2432 postposuit.
721 2382 923 2432 Opuscula
959 2382 1128 2433 quinque
1166 2381 1241 2419 hoc
1279 2383 1450 2420 secundo
1489 2390 1596 2420 tomo

138 2442 334 2480 Wolfiano
366 2443 547 2481 conclusa
573 2443 672 2482 istoc
704 2444 838 2482 ordine
869 2457 953 2482 sese
984 2452 1280 2494 consequuntur.
1324 2448 1391 2493 ,1)
1405 2446 1595 2483 AEschinis

140 2516 195 2540 or.
215 2503 255 2540 in
272 2504 533 2542 Timarchum.
589 2505 630 2553 2)
648 2505 933 2543 Demosthenes
953 2506 1002 2543 de
1021 2506 1117 2543 falsa
1145 2506 1340 2556 legatione
1371 2506 1410 2543 in
1441 2508 1598 2545 AEschi-

139 2578 242 2602 nem.
285 2565 325 2615 3)
343 2565 470 2614 Hujus
491 2565 670 2604 adversus
688 2567 795 2604 illum
816 2580 929 2617 super
944 2567 1020 2605 hoc
1039 2567 1194 2604 crimine
1211 2568 1399 2606 defensio.
1443 2569 1484 2616 4)
1500 2569 1599 2605 Rur-

139 2640 204 2664 sus
233 2627 404 2674 ejusdem
431 2627 551 2665 oratio
577 2629 615 2665 in
636 2629 945 2679 Ctesiphontem,
968 2635 1007 2666 et
1027 2642 1221 2667 eoronam.
1243 2630 1400 2667 tandem
1454 2630 1495 2679 5)
1518 2631 1597 2668 De-

141 2688 352 2725 mosthenis
380 2701 437 2726 or.
470 2702 537 2739 pro
570 2690 833 2741 Ctesiphonte,
855 2703 936 2735 sen,
966 2690 1071 2740 quod
1098 2690 1201 2727 idem
1235 2698 1305 2736 est,
1339 2704 1410 2742 pro
1441 2705 1595 2730 corona.

144 2747 268 2785 Tomo
287 2757 423 2799 quarto
443 2751 634 2799 subjectus
664 2760 723 2790 est
751 2752 869 2790 index
896 2752 935 2789 in
963 2753 1165 2790 Demosth.
1186 2759 1224 2790 et
1243 2753 1481 2792 AEschinem.
1513 2755 1596 2791 Sin-

143 2809 223 2858 guli
241 2809 380 2860 quique
395 2812 486 2849 tomi
507 2813 583 2850 suis
599 2813 886 2864 praefationibus
907 2814 1069 2865 propriis
1090 2827 1113 2852 a
1132 2814 1275 2852 W'olfio
1295 2823 1384 2853 sunt
1408 2815 1596 2853 instructi.

145 2869 288 2911 Quinto
305 2872 441 2918 Tomo,
461 2874 526 2924 qui
547 2875 759 2926 Ulpianum
781 2877 1060 2927 complectitur,
1082 2876 1238 2927 praefixa
1257 2876 1429 2927 praefatio
1458 2877 1598 2927 scripta

145 2938 204 2969 est
221 2931 302 2970 Cal.
320 2933 468 2974 Martiis
500 2939 615 2976 1550.
637 2937 807 2976 clausula
834 2937 1164 2989 interpretationis
1185 2938 1312 2976 latinae
1337 2952 1376 2988 p.
1391 2941 1483 2975 243.
1512 2938 1597 2976 haec
