1824 3171
576 201 656 239 AD
687 199 1150 238 DEMOSTHENEM.
1513 201 1591 238 clxi

134 307 294 352 Aldino,
325 317 438 357 quem
467 303 581 342 etiam
609 303 765 353 reliquae
793 303 993 347 editiones,
1013 307 1153 352 praeter
1179 301 1425 347 VVolfianam,
1453 314 1588 342 ornnes

133 374 344 406 servarunt.
401 364 528 402 Prima
548 364 755 409 Wolfiana,
785 376 861 414 qua
890 376 1018 407 careo,
1049 362 1079 400 si
1107 362 1289 413 epistolas
1314 363 1588 401 Demosthenis

131 443 208 467 non
224 435 342 472 tenet,
364 427 413 464 de
433 440 507 477 quo
521 425 697 471 viderint,
717 426 855 476 quibus
875 425 988 476 copia
1002 425 1137 476 primae
1154 424 1359 462 Wolfianae
1380 432 1450 470 est,
1467 426 1588 475 prima

135 490 242 527 dedit
263 502 327 526 eas
356 488 538 526 Parisina.
559 501 646 526 nam
674 487 712 524 in
732 487 903 538 epistolis
925 486 1198 525 Demosthenis
1226 486 1311 524 finit
1338 486 1424 524 haec
1455 486 1588 525 editio.

132 551 320 589 mantissae
346 551 432 588 loco
452 551 617 601 adjectae
645 557 733 588 sunt
760 550 876 588 variae
904 549 1090 587 lectiones
1121 556 1158 585 et
1189 556 1292 586 notae
1321 548 1360 585 in
1393 547 1589 586 orationes

128 612 404 650 Demosthenis
433 619 471 649 et
502 613 541 649 in
572 611 719 650 scholia
741 611 910 662 Ulpiani.
952 611 1177 649 Videbimus
1198 610 1246 648 de
1275 609 1332 647 his
1353 609 1468 660 paulo
1488 615 1589 659 post.

130 673 301 711 Instituit
322 674 513 711 Morellus
543 673 733 710 orationes
761 672 1036 710 Demosthenis
1064 672 1101 708 in
1124 671 1385 722 paragraphos
1406 670 1591 717 dividere,

130 735 269 786 quibus
288 735 437 772 numeri
457 734 514 771 sui
533 740 622 771 sunt
647 734 684 770 in
712 733 886 782 margine
906 731 1078 769 interiori
1106 733 1284 782 appositi.
1342 733 1389 770 In
1409 731 1592 770 exteriori

129 803 219 834 sunt
248 795 364 834 iidem
391 794 539 833 numeri
566 793 718 831 scholiis
749 793 884 839 additi,
904 806 981 843 quo
1003 792 1132 830 statim
1160 793 1321 830 inveniri
1350 799 1495 843 posset,
1514 806 1590 844 quo

130 857 319 895 scholium
350 856 533 907 quodque
566 855 813 893 referendum
835 861 957 899 esset3
990 854 1106 892 variae
1138 854 1328 892 lectiones
1357 854 1408 892 ad
1436 861 1590 892 textum

126 919 365 970 pertinentes
385 925 581 970 occupant
599 917 811 968 marginem
836 917 1071 962 interiorem,
1099 917 1329 955 exteriorem
1359 923 1488 955 autem
1518 930 1589 962 eae,

128 995 216 1032 quae
236 980 284 1018 ad
313 980 459 1018 scholia
485 980 662 1018 redeunt.
719 979 814 1017 Pars
844 992 902 1025 ea,
932 992 1047 1030 quam
1073 979 1219 1017 curavit
1239 978 1441 1025 Morellus,
1460 979 1591 1017 multis

130 1042 251 1080 modis
269 1049 429 1093 praestat
449 1042 546 1093 parti
565 1041 765 1092 posteriori
786 1055 809 1079 a
827 1041 1019 1079 Lambino
1040 1048 1200 1079 curatae.
1257 1040 1488 1079 Chartarum
1507 1041 1591 1092 ipsa.

127 1104 250 1142 forma
281 1117 434 1148 novum,
463 1103 533 1140 sed
563 1103 793 1140 deteriorem
822 1103 1018 1141 dominum
1051 1109 1090 1140 et
1116 1104 1416 1153 gubernatorem
1445 1103 1591 1154 prodit.

126 1165 283 1203 Chartae
301 1164 339 1200 in
354 1171 462 1214 parte
483 1163 701 1201 Moreliana
720 1171 810 1201 sunt
828 1163 961 1209 firmae,
986 1171 1026 1201 et
1046 1164 1233 1209 candidae,
1254 1164 1293 1201 in
1312 1172 1423 1214 parte
1445 1177 1503 1209 ea,
1525 1164 1591 1202 cui

127 1225 318 1276 praefuere
346 1225 557 1262 Lambinus
588 1232 625 1262 et
645 1225 879 1270 Benenatus,
909 1231 997 1262 sunt
1026 1233 1179 1275 tenues,
1207 1225 1398 1270 flaccidae,
1430 1225 1588 1272 bibulae,

126 1288 306 1325 sordidae.
361 1287 408 1324 In
428 1287 544 1338 priori
569 1295 680 1338 parte
701 1301 779 1325 non
799 1287 890 1325 satis
910 1287 1037 1324 mirari
1065 1300 1221 1338 possum
1244 1288 1545 1326 demonstratam
1565 1301 1590 1326 a

129 1348 299 1386 Morello
331 1348 581 1398 diligentiam,
612 1348 662 1386 ad
694 1348 872 1386 minutias
907 1361 1010 1399 saepe
1043 1348 1319 1394 delabentem3
1351 1349 1462 1387 obsiti
1495 1357 1589 1387 sunt

125 1409 353 1461 spississima
372 1410 483 1461 copia
503 1409 728 1447 variantium
750 1410 941 1460 margines
969 1409 1068 1447 illius
1095 1410 1227 1461 primae
1247 1410 1386 1460 partis3
1416 1410 1587 1456 codices,

126 1471 231 1509 unde
259 1485 424 1521 quaeque
454 1471 570 1509 lectio
600 1479 704 1510 esset
729 1478 865 1517 sumta,
897 1471 1069 1511 indicati.
1126 1473 1174 1509 In
1202 1480 1311 1524 parte
1332 1472 1590 1511 LambIniana

128 1533 249 1570 multo
269 1532 432 1570 rarlores
452 1534 656 1571 varietates
676 1534 865 1580 lectionis,
883 1541 922 1572 et
939 1547 1025 1585 quae
1041 1534 1197 1571 tandem
1211 1534 1439 1584 afferuntur,
1453 1547 1588 1572 earum

126 1608 237 1646 paene
269 1594 410 1645 ubique
441 1596 628 1634 reticetur
657 1597 892 1641 auctoritas;
927 1596 1122 1647 pleraeque
1152 1595 1287 1633 harum
1320 1604 1410 1634 sunt
1444 1603 1511 1634 aut
1539 1609 1589 1633 ex

127 1653 286 1701 Aldina,
307 1664 372 1693 aut
387 1669 437 1694 ex
459 1657 645 1709 Obsopoei
665 1659 810 1704 codice,
833 1659 898 1710 (de
919 1671 994 1709 quo
1014 1657 1117 1709 post)
1138 1665 1204 1696 aut
1225 1658 1456 1706 Felicianea,
1477 1665 1544 1696 aut
1564 1671 1588 1697 e

128 1717 369 1763 Manutiana,
402 1725 467 1755 aut
497 1731 546 1756 ex
579 1719 654 1757 alio
685 1720 863 1771 quopiam
897 1727 1068 1767 auctore,
1103 1720 1351 1771 conquisitae;
1384 1721 1588 1759 rarissimae

123 1786 224 1825 sunt,
257 1793 349 1830 quas
383 1780 583 1831 suspiceris
622 1795 644 1819 e
678 1782 874 1820 codicibus
913 1781 1026 1832 regiis
1066 1782 1248 1819 Parisinis
1289 1795 1376 1820 esse
1413 1782 1588 1819 haustas.

126 1841 268 1879 Nescio
296 1855 345 1879 an
364 1842 577 1880 Lambinus
607 1856 674 1881 eos
702 1857 899 1893 nunquam
931 1843 1152 1893 inspexerit,
1180 1843 1259 1881 sive
1281 1843 1384 1894 quod
1411 1844 1586 1881 laborem

124 1903 342 1954 defugeret,
363 1904 441 1942 sive
457 1905 560 1955 quod
576 1918 709 1942 eorum
729 1904 839 1954 copia
857 1904 928 1954 ipsi
944 1911 1164 1954 negaretur,
1181 1905 1287 1955 quod
1300 1905 1486 1942 credibile
1506 1917 1586 1942 non

122 1972 195 2003 est.
265 1966 358 2004 Pars
388 1966 607 2004 Moreliana
637 1965 949 2004 emendatissima
977 1973 1048 2012 est,
1077 1966 1142 2003 vix
1171 1979 1289 2003 unum
1318 1974 1386 2004 aut
1419 1966 1587 2004 alterum

125 2027 298 2077 sphalma
316 2035 468 2078 typogr.
489 2028 528 2064 in
549 2042 595 2066 ea
613 2028 769 2066 memini
789 2027 1097 2078 deprehendere.
1155 2027 1250 2065 Pars
1272 2034 1407 2065 contra
1424 2027 1585 2065 Lambi-

123 2089 238 2126 niana
257 2089 406 2127 mendis
425 2096 548 2126 scatet
567 2097 606 2127 et
625 2102 784 2126 numero
804 2089 976 2140 plurimis
998 2096 1037 2126 et
1056 2088 1286 2126 foedissimis.
1345 2089 1389 2126 In
1410 2089 1584 2126 Morello

123 2150 459 2200 intemperantiam
485 2150 694 2201 diligentiae
714 2153 865 2195 notess*
888 2150 928 2186 in
947 2149 1138 2187 Lambino
1157 2150 1427 2188 incredibilem
1453 2163 1586 2188 secor-

123 2212 224 2249 diam
238 2219 285 2249 et
313 2212 490 2262 inopiam.
547 2213 737 2250 Morellus
769 2210 947 2250 codicum
978 2224 1133 2248 suorum
1150 2212 1211 2249 vel
1232 2211 1453 2262 quisquilias
1482 2211 1585 2262 ipsas

122 2286 295 2311 corrasas
315 2274 423 2311 nobis
442 2274 612 2324 ingessit,
634 2274 845 2312 Lambinus
865 2286 914 2310 ne
934 2286 1105 2323 gemmas
1125 2273 1279 2324 quidem
1306 2273 1395 2311 inde
1424 2274 1584 2324 conqui-

121 2335 220 2382 sivit,
251 2336 521 2374 dissimillimus
545 2336 740 2374 decessori
770 2347 981 2373 successor.
1013 2334 1138 2372 saltim
1159 2335 1460 2373 demonstrasset
1480 2335 1584 2374 unde

120 2398 329 2437 lectionem
348 2411 538 2449 quamque
560 2399 769 2437 sumsisset.
824 2396 914 2435 Jam
934 2409 1025 2434 vero
1046 2396 1193 2434 nescias
1213 2396 1304 2446 quid
1327 2396 1455 2434 codici
1471 2403 1583 2443 msto,

122 2460 215 2511 quid
239 2460 437 2510 impresso,
466 2467 505 2497 et
531 2460 604 2506 cui,
625 2460 718 2511 quid
745 2460 862 2511 ipsius
882 2458 1062 2496 Lambini
1093 2458 1281 2496 debeatur
1310 2458 1479 2509 ingenio,
1516 2466 1583 2496 aut

123 2521 278 2566 Wolfii;
307 2534 395 2559 nam
425 2528 464 2559 et
492 2525 571 2570 ejus
601 2525 856 2571 conjecturas,
884 2528 1044 2559 auctore
1065 2521 1198 2566 tacito,
1219 2520 1313 2559 alias
1341 2521 1381 2558 in
1407 2522 1582 2573 margine

123 2584 355 2630 Lutetianae,
375 2585 468 2622 alias
487 2584 526 2621 in
545 2585 669 2623 indice
688 2585 830 2623 retulit.
868 2584 995 2621 Index
1013 2583 1077 2620 hic
1093 2596 1171 2621 non
1190 2595 1313 2620 meras
1334 2584 1581 2633 conjecturas

124 2646 302 2684 Lambini
320 2648 478 2697 praebet,
499 2647 603 2698 quod
618 2647 762 2698 Taylor
778 2645 954 2698 opinatus
972 2652 1031 2683 est
1046 2646 1164 2695 (raras
1180 2644 1336 2696 quidem
1355 2644 1438 2682 illas
1458 2647 1582 2692 tenet)

124 2708 194 2746 sed
221 2708 422 2759 plerasque
442 2708 630 2747 lectiones
650 2709 804 2747 Aldinae
825 2715 891 2746 aut
910 2707 1069 2746 aliarum
1088 2715 1328 2746 vetustarum
1347 2707 1581 2752 editionum;

171 2843 190 2861 *
212 2843 324 2882 Taylor
338 2844 392 2884 (ad
410 2855 439 2883 p.
460 2846 534 2875 231.
551 2844 620 2884 36.)
637 2845 800 2875 editionem
819 2844 987 2875 Parisinam
1001 2856 1062 2884 prae
1082 2847 1193 2876 coeteris
1211 2845 1406 2875 minutiarum
1425 2844 1581 2883 prodigam

126 2893 271 2932 appellat.
294 2894 347 2934 (Τ.
365 2895 409 2924 11.
429 2906 459 2934 p.
478 2898 550 2925 164.
569 2895 616 2933 1.)
652 2897 757 2926 Editio
777 2896 922 2926 Beneuati
938 2896 1030 2935 longe
1047 2896 1173 2937 optima,
1190 2896 1271 2936 quod
1289 2896 1326 2925 ad
1342 2898 1520 2924 contextum
1538 2897 1582 2922 at-

126 2943 212 2972 tinet.
238 2943 401 2974 Markland
414 2946 452 2975 ad
469 2956 499 2985 p.
516 2947 590 2977 304.
608 2948 660 2977 19.

180 3012 277 3039 VOL.
309 3013 338 3040 1.
893 3020 917 3043 «τ
