1824 3171
202 174 358 214 clxxxvi
669 171 878 213 REISKII
904 170 1197 214 PRAEFATIO

201 291 326 316 sarum
355 276 563 316 editionum
591 286 716 316 sumta
736 279 936 317 videantur
964 291 1062 317 esse.
1091 278 1264 316 universe
1291 277 1482 329 posterIus
1512 289 1648 315 exem·-

202 339 307 390 plum
336 339 449 390 priori
483 346 540 376 est
569 339 820 378 emendatius.
877 340 975 378 Sunt
1005 347 1134 378 tamen
1164 340 1238 377 loci
1269 339 1425 390 quidam
1454 351 1580 376 rursus
1609 337 1647 374 in

199 400 325 451 priore
345 400 638 446 emendatiores,
659 414 773 452 quam
791 403 829 438 in
853 401 1061 452 posteriori.
1083 409 1169 451 post
1195 400 1297 437 illam
1327 407 1424 438 orat.
1444 412 1514 450 pro
1540 399 1647 436 trier-

203 461 354 498 archica
372 473 514 498 corona
533 462 702 512 sequitur
722 475 776 501 or.
802 463 840 499 in
860 463 1131 500 Macartatum.
1151 461 1188 497 In
1213 460 1454 498 Leocharen.
1476 460 1513 497 in
1538 460 1651 496 Boeo-

203 529 284 558 tum
305 522 354 559 de
373 522 540 567 nornine,
568 529 648 560 tum
669 523 718 561 de
737 523 840 562 dote.
862 524 898 560 in
920 522 1115 572 Spudiam.
1137 521 1174 558 in
1195 521 1454 559 Timotheum.
1476 521 1514 557 in
1537 520 1653 557 Nico-

204 590 378 621 stratum.
407 583 442 620 in
474 583 738 634 Phaenippum.
787 585 826 621 in
846 585 1057 635 Polyelem.
1115 583 1154 619 in
1175 582 1419 619 Eubulidem.
1465 583 1503 619 in
1524 582 1652 618 Theo·

206 644 362 681 crinem.
417 644 455 680 in
478 644 669 694 Evergum
684 654 722 682 et
742 645 1018 682 Mnesibulum.
1075 643 1154 681 Sed
1167 643 1278 691 hujus
1291 643 1400 680 adest
1413 642 1653 680 solummodo

205 704 364 742 initium.
421 705 527 742 Ordo
547 706 585 742 in
606 706 824 756 digerendis
845 713 957 743 oratt.
978 705 1092 742 Dem.
1114 710 1307 753 spectatus
1335 704 1384 740 ab
1404 703 1478 740 hoc
1502 701 1655 739 librario

206 772 273 803 aut
292 765 417 803 nullus
438 773 508 811 est,
532 774 595 803 aut
617 774 719 804 certe
746 780 876 818 parum
895 766 1068 816 diligens.
1127 765 1255 802 Primo
1283 765 1368 802 loco
1388 763 1513 814 posuit
1533 762 1656 814 Olyn-

205 826 366 872 thiacas,
396 833 475 863 tum
505 827 743 878 philippicas,
777 827 916 866 deinde
947 826 1135 877 publicas,
1158 838 1316 876 quarum
1349 825 1472 875 prima
1496 823 1569 860 fuit
1596 835 1656 860 ra-

207 887 313 924 tione
329 887 466 932 aetatis,
487 895 527 924 et
553 889 601 925 ab
622 889 786 938 antiquis
806 889 928 939 primo
948 888 1032 925 loco
1057 887 1184 936 posita
1202 886 1268 923 illa
1291 886 1331 923 in
1352 885 1658 928 Androtionem3

209 948 376 997 denique
396 948 574 998 privataS,
603 948 671 986 sed
698 950 926 999 privatarum
952 960 1079 984 rursus
1105 953 1195 983 sunt
1219 946 1364 997 aliquot
1392 946 1547 989 classes,
1567 956 1662 994 quas

207 1009 306 1045 inter
334 1021 376 1045 se
396 1008 620 1059 permiscuit
638 1009 812 1047 librarius
834 1007 1055 1058 Augustani
1085 1007 1243 1045 codicis.
1299 1006 1466 1056 Ingessit
1494 1005 1594 1043 enim
1621 1004 1662 1041 in

207 1068 353 1106 medias
375 1070 462 1111 τοὺς
483 1068 830 1119 συμβουλευτικούς.
885 1069 1061 1113 Veteres,
1083 1081 1105 1105 a
1134 1081 1291 1118 quorum
1321 1067 1437 1104 modo
1466 1064 1663 1104 dividendi

210 1128 448 1174 recessimus,
468 1129 522 1166 ita
538 1130 715 1166 solebant
735 1130 927 1166 orationes
947 1130 1061 1165 Dein.
1082 1129 1318 1173 distribuere,
1339 1141 1426 1178 quae
1446 1126 1662 1165 distributio

209 1195 364 1226 servata
389 1195 448 1225 est
471 1189 508 1224 in
529 1188 718 1226 Bavarico
739 1188 888 1234 codiee,
909 1194 951 1224 ut
969 1187 1050 1224 aliae
1080 1195 1208 1224 essent
1226 1190 1334 1235 λόγοι
1354 1187 1580 1233 ὀλυνὲιακοὶ,
1600 1186 1662 1225 alii

212 1251 431 1301 φιλιππικοὶ,
463 1248 526 1286 alii
563 1248 880 1298 συμβουλευτικοὶ,
912 1248 974 1286 alii
1008 1247 1186 1298 δημόσιοι,
1220 1248 1283 1285 alii
1308 1250 1565 1299 παραγραφαὶ,
1599 1246 1663 1285 alii

210 1311 448 1361 ε’πιτροπικοῖ,
481 1309 543 1346 alii
575 1309 754 1347 ἷέιωτικοῖ.
812 1311 911 1352 Quae
937 1309 1299 1359 silit401ynthiacae‚
1321 1323 1406 1360 quae
1428 1309 1662 1359 Philippicae,

215 1384 304 1409 cum
331 1377 482 1408 constet
500 1370 599 1408 inter
619 1384 764 1417 omnes,
792 1371 845 1408 nil
865 1370 1004 1409 attinet
1023 1369 1163 1415 dicere,
1194 1371 1227 1407 οἱ
1257 1370 1556 1421 συμβουλευτικοὶ
1574 1376 1664 1407 sunt

215 1434 296 1482 περὶ
329 1435 543 1477 συντάξεως.
573 1434 654 1483 περὶ
684 1438 909 1482 συμμοριῶν.
942 1432 1034 1481 ὑπὲρ
1061 1433 1387 1480 μεγαλοπολιτῶν.
1417 1433 1505 1481 ὑπὲρ
1536 1430 1665 1481 ῥοδίων

215 1491 440 1542 ἐλευθερίας.
457 1495 535 1542 περὶ
554 1499 626 1530 τῶν
645 1493 735 1543 πρὸς
756 1492 981 1543 ἀλέξανδρον
1001 1491 1207 1537 συνθηκῶν.
1263 1492 1468 1530 Orationes
1488 1492 1526 1529 in
1542 1491 1665 1529 causis

215 1554 375 1605 publicis
396 1554 510 1591 dictae
526 1562 626 1598 sunt,
657 1554 695 1591 in
721 1554 908 1592 Bavarico
936 1553 1088 1604 quidem
1109 1552 1243 1591 codiee
1263 1554 1334 1599 hac,
1366 1560 1404 1591 et
1421 1554 1494 1591 hoe
1512 1553 1662 1591 ordine.

217 1618 311 1652 κατὰ
342 1615 598 1665 ἀνὲροτίωνος.
627 1617 706 1666 περὶ
733 1621 796 1654 τοῦ
825 1619 1018 1667 στεφάνου.
1046 1616 1123 1665 περὶ
1148 1623 1212 1660 τῆς
1230 1614 1550 1665 παραπρεσβείας.
1575 1614 1665 1664 πρὸς

216 1678 408 1722 λεπτίνην.
440 1679 531 1714 κατὰ
559 1676 713 1728 μειδίου.
742 1679 834 1714 κατὰ
853 1677 1147 1726 (ἰριστοκράτ-ους.
1176 1679 1267 1713 κατὰ
1292 1680 1545 1726 τιμοκράτους.
1573 1678 1667 1713 κατά

218 1738 531 1787 ἀριστογείτονος.
590 1736 800 1787 Epitropici
816 1744 916 1781 sunt,
938 1749 1003 1773 seu
1026 1736 1073 1773 de
1089 1743 1199 1786 gesta
1212 1736 1269 1773 sui
1289 1735 1425 1780 tutela,
1448 1743 1560 1773 oratt.
1581 1736 1667 1773 duae

216 1797 258 1833 in
285 1797 511 1847 Aphobum‚
539 1811 609 1848 pro
630 1798 778 1843 Phario,
809 1804 847 1835 et
871 1797 955 1833 duae
975 1797 1013 1833 in
1041 1797 1267 1834 Onetorem.
1323 1796 1579 1847 Paragraphae
1597 1809 1667 1834 seu

221 1859 469 1909 exceptor-iae,
500 1860 635 1910 quibus
666 1859 895 1905 defenditur,
922 1872 1077 1896 causam
1106 1859 1155 1896 ad
1174 1858 1297 1894 forum
1325 1859 1490 1904 omnino,
1524 1867 1590 1896 aut
1618 1858 1669 1896 ad

219 1919 294 1956 hoc
322 1920 461 1963 forum,
483 1933 559 1956 non
589 1934 701 1970 posse
721 1921 863 1966 vocari,
894 1927 981 1957 sunt
1008 1920 1082 1965 hfe,
1107 1919 1143 1956 in
1172 1919 1439 1965 Zenothemin,
1460 1920 1499 1956 in
1520 1921 1669 1970 Apatu-

219 1980 329 2025 rium,
348 1981 387 2016 in
406 1981 689 2026 Phormionem,
706 1983 744 2019 in
759 1983 967 2028 Lacr-itum,
990 1995 1058 2033 pro
1072 1982 1318 2028 Phormione,
1334 1982 1370 2018 in
1389 1982 1667 2027 Pantaenetum‚

220 2042 260 2078 in
277 2042 593 2079 Nausimachum.
649 2041 805 2079 Idiotici
825 2057 891 2080 seu
913 2045 961 2081 dc
982 2043 1103 2080 causis
1132 2043 1285 2092 privatis
1315 2050 1472 2092 agentes
1500 2050 1588 2081 sunt
1611 2055 1670 2080 re-

220 2102 335 2153 liquae
355 2115 500 2140 omnes.
561 2102 639 2140 Hic
660 2110 718 2140 est
738 2102 832 2140 ordo
852 2104 998 2141 codIcis
1020 2103 1205 2148 Bavarici,
1229 2117 1307 2141 non
1337 2104 1490 2142 omnino
1519 2104 1669 2142 limatus

220 2164 286 2200 ille
312 2164 482 2213 quidem,
507 2170 679 2201 vetustus
699 2171 841 2201 tamen.
898 2165 1042 2202 Melius
1062 2163 1190 2201 tamen
1217 2165 1474 2214 Augustanus,
1504 2165 1608 2214 quod
1634 2165 1672 2202 in

224 2225 350 2275 eapite
370 2226 599 2275 privatarum
620 2238 819 2263 causarum
847 2226 1053 2263 orationem
1082 2225 1120 2261 in
1142 2226 1342 2263 Cononem
1365 2226 1505 2275 posuit.
1563 2225 1671 2263 Sole-

224 2286 318 2323 bant
351 2286 451 2322 enim
484 2293 646 2330 veteres,
675 2293 718 2322 ut
749 2286 988 2335 publicarum
1018 2285 1177 2336 primam
1209 2286 1312 2335 loco,
1345 2299 1421 2323 non
1451 2287 1674 2336 praestantia

225 2345 446 2395 principem,
472 2346 603 2383 facere
626 2346 945 2391 Androtionemil,
977 2346 1031 2383 sie
1057 2346 1287 2396 privatarum
1315 2346 1352 2383 in
1382 2347 1507 2397 capite
1526 2361 1672 2398 ponere

227 2407 464 2450 Cononeam‚
486 2414 528 2443 ut
557 2406 723 2442 omnium
758 2420 807 2444 ex,
837 2407 911 2444 hac
941 2407 1062 2444 classe
1094 2407 1374 2444 nobilissimam.
1434 2408 1531 2445 Hae'c
1552 2421 1673 2458 pauca

227 2467 277 2504 de
294 2467 427 2504 ordine
448 2467 660 2504 orationum
682 2467 797 2505 Dem.
827 2476 943 2518 atque
963 2468 1228 2505 distributione
1247 2469 1286 2505 in
1304 2469 1408 2506 libris
1427 2470 1586 2507 vetustis
1607 2471 1674 2507 ob-

226 2527 387 2564 tinente.
443 2527 559 2564 Nunc
591 2528 708 2564 redeo
742 2528 790 2565 ad
828 2529 974 2579 reliqua
1005 2529 1306 2579 exsequendum,
1336 2542 1422 2579 quae
1453 2529 1502 2567 de
1536 2531 1672 2568 codice

229 2589 461 2637 Augustano
494 2587 656 2624 dicenda
685 2597 903 2639 supersunt.
962 2590 1130 2627 Carebat
1162 2590 1383 2640 plerumque
1414 2590 1604 2640 spiritibus
1633 2598 1673 2628 et

228 2651 468 2688 accentibus.
525 2649 631 2686 Rara
663 2652 874 2700 apparebat
907 2664 1041 2687 manus
1075 2651 1300 2688 correctrix.
1357 2650 1486 2688 Locus
1524 2664 1620 2688 unus
1650 2665 1674 2690 a

228 2723 327 2748 nova
346 2723 459 2747 manu
488 2717 570 2747 erat
595 2711 790 2761 suppletus
816 2712 962 2762 liquore
987 2710 1096 2747 viridi
1126 2724 1162 2761 p.
1188 2714 1279 2755 673,
1300 2714 1363 2748 3⁶2.
1420 2711 1674 2762 Paragraphis

229 2771 412 2809 distinctae
429 2778 538 2808 erant
553 2772 755 2808 orationes.
770 2772 951 2809 indicium
972 2784 1080 2808 novae
1101 2771 1324 2822 paragraphi
1344 2778 1424 2809 erat
1442 2772 1552 2809 litera
1565 2780 1674 2811 extra

229 2845 379 2870 versum
405 2831 638 2881 prominens,
659 2832 774 2869 etiam
802 2833 841 2868 in
869 2831 995 2869 media
1014 2844 1122 2868 voce.
1151 2832 1200 2868 de
1228 2845 1303 2881 quo
1323 2845 1427 2869 more
1447 2832 1519 2869 vid.
1543 2832 1674 2872 Vales.

231 2894 282 2931 ad
304 2892 524 2930 Eusebium.
541 2893 767 2943 plerumque
783 2906 859 2930 non
880 2893 978 2930 male
998 2891 1210 2929 distributae
1225 2899 1333 2929 erant
1352 2893 1411 2929 11ae
1431 2893 1672 2944 paragraphi,
