1824 3171
465 151 546 190 AD
579 151 739 192 SUUM
771 150 1068 190 DEMOSTH.
1101 151 1294 191 DEDIC.
1476 149 1610 188 lxxxiii

146 263 272 295 utrum
291 257 411 305 major
431 262 535 294 esset
553 255 593 293 in
607 255 724 294 rebus
736 255 886 308 imperii
903 252 1182 305 concipiendis,
1200 266 1249 290 an
1266 252 1498 302 exquisitior,
1518 251 1618 288 dumv

148 318 406 357 doctrinarum
440 317 612 356 omnium
646 318 774 356 fontes
807 315 1029 361 recluseris‚
1067 327 1115 352 an
1145 314 1301 351 demum
1334 312 1611 358 incredibilior,

146 379 250 430 quod
269 385 471 429 utramque
490 378 643 417 laudem
665 386 744 417 tam
759 378 927 417 feliciter
948 375 1208 426 conjunxeris.
1268 374 1374 411 Hinc
1391 387 1468 410 non
1490 374 1611 411 otium

147 439 236 478 Tibi
255 440 511 485 solummodo,
538 441 608 478 sed
635 441 737 479 bene
767 441 940 478 dixeram
969 436 1184 488 negotium,
1214 436 1408 474 literarum
1438 435 1528 472 luce
1556 435 1613 471 di-

144 502 341 541 stinctum.
398 502 588 540 Attamen
614 503 712 540 tanti
731 502 881 541 interea
907 515 984 539 non
1011 500 1100 538 Tibi
1122 500 1171 537 sit
1190 499 1252 536 vel
1281 499 1390 535 Tuus
1412 498 1492 548 ipse
1525 497 1611 533 DE-

145 575 426 610 MOSTHENES,
456 577 584 615 neque
613 577 672 609 ea,
699 578 816 616 quam
847 561 1096 614 descripsisti,
1128 560 1314 599 methodo
1345 558 1612 603 concinnatus,

145 638 272 676 neque
299 625 357 671 iis,
378 638 474 676 quas
510 627 757 678 comparasti,
789 625 974 678 suppetiis
1005 624 1227 668 instructus,
1258 634 1385 672 nequa
1414 633 1473 666 ea,
1496 632 1611 670 quam

144 687 313 733 voluisti,
329 701 446 726 manu
465 688 693 734 recensitus,
717 689 776 727 Te
796 696 839 726 ut
857 701 992 727 carere
1011 693 1143 738 posset
1164 684 1407 736 respublica;
1436 690 1515 728 aut,
1538 681 1613 719 uti-

144 749 263 788 litatis
283 750 495 788 communis
515 750 725 801 impendio,
749 751 808 789 Te
828 751 986 788 nimium
1003 748 1200 787 allicerent
1216 747 1372 797 privatae
1392 743 1613 792 hujusmodi

146 812 367 862 elegantiae.
426 811 550 850 Sinito
572 812 631 850 Te
660 813 808 851 tamdiu
843 826 866 850 a
888 812 975 849 Tuo
1005 811 1318 848 DEMOSTHENE
1352 806 1492 852 divelli,
1522 805 1614 842 dum

144 872 352 925 praesentia
372 886 506 912 curas:
537 874 628 912 Jam
656 874 802 912 dudum
830 873 932 912 enim
963 886 986 911 a
1012 872 1070 910 Te
1100 871 1297 922 provisum
1331 876 1402 914 est,
1423 874 1466 905 ut
1486 872 1613 904 vestra

146 936 462 974 commemoratio
492 935 531 973 in
564 936 696 975 animis
725 943 764 975 et
794 936 968 974 sensibus
998 943 1243 987 posterorum
1276 932 1481 970 divellatur
1515 943 1613 967 nun-

145 1010 274 1048 quam.

199 1059 353 1097 Interea
382 1067 525 1106 autem,
547 1061 639 1098 dum
661 1060 720 1099 Te
749 1061 841 1099 illuc
862 1060 1045 1111 sequitur,
1067 1066 1107 1097 et
1126 1059 1163 1096 in
1184 1058 1333 1096 civilem
1353 1056 1472 1094 vitam
1494 1053 1614 1093 comi-

146 1127 263 1166 tatur,
291 1122 497 1171 gratulatio
523 1130 668 1168 nostra,
698 1123 841 1167 nescio,
869 1122 972 1173 quod
1002 1134 1126 1172 genus
1157 1120 1280 1158 laudis
1301 1127 1341 1157 et
1369 1117 1519 1156 virtutis
1546 1123 1615 1154 aut

144 1181 357 1233 adriperem
371 1183 527 1233 primus,
549 1190 615 1221 aut
630 1184 691 1222 cui
712 1184 927 1222 insisterem
948 1182 1157 1220 lubentius.
1206 1182 1479 1219 Memoremne
1500 1179 1613 1216 PRO-

145 1256 357 1291 vmcrAM,
379 1258 495 1296 quam
516 1245 607 1283 PRo
630 1246 769 1292 REGE,
789 1245 827 1282 in
855 1246 936 1296 ipso
952 1244 1167 1295 juventutis
1187 1243 1298 1288 flore,
1322 1239 1612 1284 administrasti,

145 1319 295 1344 summa
315 1321 402 1345 cum
423 1308 591 1345 omnium
612 1309 907 1359 exspectatione
934 1307 1089 1352 aditam,
1113 1314 1151 1344 et
1177 1313 1427 1357 procuratam
1447 1303 1613 1342 admira-

144 1368 262 1414 tione,
283 1377 322 1407 et
350 1369 524 1408 relictam
547 1371 766 1409 desiderio?
797 1371 836 1408 Si
869 1370 1100 1408 domesticas
1133 1376 1284 1407 nostras
1306 1376 1345 1406 et
1373 1367 1496 1417 magis
1525 1378 1613 1416 pro-

140 1431 244 1482 prias
264 1431 468 1470 felicitates
497 1433 682 1479 recolam,
704 1433 756 1471 ibi
786 1431 1002 1470 meminisse
1025 1439 1180 1483 oportet
1203 1444 1390 1469 summam
1420 1442 1507 1467 curn
1529 1427 1612 1465 OP-

145 1503 258 1530 TlMo
281 1492 404 1531 REGE
425 1494 598 1544 gratiam,
622 1502 661 1533 et
686 1502 830 1532 nostrae
859 1493 1084 1544 reipublicae
1110 1493 1280 1531 rationes
1310 1491 1476 1530 maxima
1495 1489 1613 1528 animi

144 1554 369 1600 constantia,
397 1555 613 1594 incredibili
643 1556 788 1607 ingenii
808 1557 955 1607 vigore,
978 1555 1124 1606 optimo
1153 1555 1312 1593 consilio
1339 1562 1379 1592 et
1408 1552 1610 1604 sapientia,

143 1616 311 1656 feliciter
345 1623 384 1654 et
415 1617 621 1668 vigilanter
655 1618 794 1669 saepius
826 1619 1076 1669 gubernatas,
1136 1617 1366 1655 Meminisse
1402 1615 1611 1666 oportebit,

143 1678 265 1729 qualis
284 1686 524 1730 quantusque
543 1680 661 1718 fueris
690 1681 727 1718 in
755 1688 905 1727 senatu,
929 1688 967 1719 et
990 1680 1027 1717 in
1049 1679 1223 1718 conciliis
1237 1693 1247 1723 ;
1277 1692 1466 1716 summam
1496 1684 1613 1727 atque

142 1740 407 1778 incredibilem
441 1742 605 1791 gratiam
642 1743 950 1793 gravitatemque
991 1741 1283 1786 sententiarum,
1318 1739 1542 1778 facundiam
1574 1738 1613 1775 in

142 1815 251 1848 voce,
269 1802 512 1841 severitatem
530 1803 898 1856 affirmationemque
918 1804 957 1841 in
976 1804 1097 1849 vultu,
1114 1803 1151 1840 in
1170 1803 1303 1849 oculis,
1320 1800 1466 1848 habitu,
1486 1808 1612 1852 gestu,

143 1872 229 1904 toto
251 1865 418 1917 denique
439 1879 600 1918 corpore
620 1867 831 1905 naturalem
862 1867 1056 1918 quandam
1077 1873 1117 1904 et
1141 1866 1351 1916 ingenitam
1374 1865 1450 1902 vim
1471 1871 1510 1901 et
1531 1863 1612 1900 elo·
1641 1882 1644 1884 —

146 1928 354 1979 quentiam.
411 1929 458 1966 In
483 1929 646 1979 negotiis
676 1930 842 1980 publicis
872 1929 1139 1981 expediundis,
1160 1935 1306 1980 quanta
1331 1928 1510 1966 alacritas
1529 1927 1612 1963 sine

146 1990 413 2041 trepidatione,
434 1999 578 2042 quanta
597 1992 806 2042 vigilantia,
828 1992 1111 2044 propemodum
1142 2005 1231 2030 cum
1252 1991 1368 2029 animi
1388 1989 1612 2028 remissione

145 2052 377 2101 conjuncta?
407 2053 454 2090 In
471 2055 714 2095 Quaest01·um
732 2055 1032 2105 Scribarumque
1053 2054 1178 2104 operis
1198 2052 1411 2091 excitandis
1430 2065 1551 2090 novus
1572 2057 1612 2088 et

146 2113 335 2160 insolitus,
365 2115 435 2152 sed
454 2116 676 2166 reipublicae
706 2117 947 2162 utilissimus,
967 2116 1092 2160 ardor,
1123 2115 1204 2153 sine
1225 2115 1402 2166 strepitU,
1429 2114 1509 2152 sine
1529 2127 1611 2152 mo-

142 2176 276 2223 lestiis,
297 2183 336 2214 et
354 2176 436 2214 fere
465 2177 546 2214 sine
568 2179 713 2229 specie,
736 2178 957 2229 diligentiae.
998 2177 1045 2214 In
1067 2177 1308 2227 Legatorum
1330 2176 1496 2227 denique
1517 2190 1611 2214 con-

144 2231 341 2289 gressibus
363 2239 540 2276 elucebat
554 2253 702 2279 summa
722 2248 761 2279 et
780 2240 952 2277 maxima
967 2239 1221 2290 experientia,
1240 2251 1299 2284 ea,
1317 2251 1404 2289 quae
1424 2241 1613 2290 cujusque

144 2300 309 2339 nationis
325 2308 414 2338 vota
434 2308 474 2338 et
493 2302 742 2341 necessitates
758 2315 857 2353 pene
877 2307 1162 2346 anteverteret3
1189 2301 1355 2339 maxima
1375 2307 1506 2338 tamen
1527 2301 1611 2338 ubi-

144 2376 218 2414 que
234 2363 405 2408 comitas,
426 2376 552 2414 neque
568 2364 645 2402 ulla
663 2377 733 2416 per
752 2365 1002 2415 interpretem
1019 2363 1155 2401 oratio.

198 2425 359 2470 Verum,
381 2425 436 2461 uti
456 2425 577 2463 oratio
596 2434 727 2465 nostra
753 2440 777 2464 a
801 2426 1114 2463 DEMOSTHENE
1134 2438 1271 2464 exorsa
1290 2425 1447 2464 tandem
1469 2425 1506 2462 in
1528 2428 1611 2477 ejus

144 2487 293 2526 editore
313 2486 476 2532 desinat,
497 2487 651 2526 abunde
680 2489 770 2526 mihi
793 2488 977 2539 gratulor,
1001 2487 1171 2525 oblatam
1193 2501 1277 2525 esse
1297 2488 1397 2525 hanc
1426 2496 1610 2539 opportu-

145 2549 318 2595 nitatem,
335 2549 401 2586 ubi
420 2556 510 2586 vota
527 2550 685 2600 publice
701 2563 925 2601 nuncupare
946 2549 1102 2600 possim,
1124 2557 1167 2587 ut
1185 2550 1261 2587 hoc
1276 2549 1492 2588 sedulitatis
1512 2564 1611 2589 meoe

147 2619 188 2650 et
213 2610 425 2661 diligentiae
453 2612 722 2663 qualecunque
748 2619 1052 2657 monumentum,
1082 2611 1138 2649 ita
1157 2612 1274 2649 etiam
1300 2620 1534 2663 perpetuum
1564 2613 1612 2650 sit

147 2680 417 2724 argumentum
438 2673 551 2710 animi
572 2674 660 2712 Tibi
682 2675 854 2726 Tuaeque
875 2673 1052 2725 dignitati
1078 2672 1342 2711 addictissimi.
1400 2674 1611 2725 Nunquam

149 2744 277 2774 autem
299 2736 503 2774 illucescat
521 2736 585 2773 ille
606 2736 701 2783 dies,
723 2737 788 2775 ubi
808 2744 911 2782 vota,
938 2748 1024 2787 quae
1048 2749 1118 2786 pro
1145 2735 1204 2773 Te
1229 2748 1426 2787 nuncupo,
1447 2736 1611 2773 utilitate

147 2797 276 2849 potius
296 2798 517 2848 extorqueri
536 2798 751 2844 videantur,
774 2811 889 2850 quani
905 2797 981 2835 fide
1000 2797 1089 2834 Tibi
1110 2797 1256 2835 deberi.
1314 2796 1455 2847 Neque
1467 2797 1612 2834 interea

149 2861 235 2898 haec
252 2873 298 2897 eo
319 2860 416 2906 dico,
433 2873 508 2911 quo
529 2861 738 2912 quidquam
759 2861 796 2898 in
827 2860 900 2898 hac
920 2866 1053 2898 nostra
1072 2859 1273 2905 tenuitate,
1294 2865 1362 2896 aut
1382 2857 1475 2895 Tuis
1495 2857 1611 2895 ratio-

150 2922 501 2974 nibusvadjumenti,
519 2930 585 2963 aut
603 2923 829 2976 reipublicae
849 2922 1101 2963 emolumenti
1121 2921 1292 2960 futurum
1323 2932 1408 2958 esse
1437 2918 1611 2965 arbitrer,
