1824 3171
472 163 551 200 AD
585 163 673 199 Ei).
705 163 999 204 DEMOSTH.
1032 166 1368 204 PARISINAM.
1560 167 1651 204 xxix

204 267 438 318 tempestivis
468 274 506 305 et
525 268 657 306 labore
687 268 948 314 immoderato,
968 268 1105 320 partim
1126 282 1175 306 ex
1197 269 1453 306 communium
1474 278 1512 307 et
1537 269 1659 321 publi-

204 341 333 366 corum
360 329 689 367 incommodorum
719 330 930 367 acerbitate
960 337 1171 374 contr-acm,
1201 343 1416 380 supremum
1446 331 1532 367 vitae
1553 331 1654 368 diem

204 390 308 427 obiit.
364 392 451 432 Quo
472 397 620 428 mortuo
642 404 727 441 spes
749 391 869 429 omnis
890 392 1004 441 hujus
1025 391 1200 428 editionis
1220 390 1462 428 absolvendae
1483 391 1656 428 omnibus

205 451 427 489 mortalibus
458 453 619 503 praecisa
658 460 728 498 est,
760 454 971 504 praesertim
1001 452 1262 490 crescentibus
1291 453 1329 488 in
1357 452 1437 489 dies
1462 451 1659 488 discordiis

205 513 389 558 civilibus,
413 521 451 551 et
471 521 556 565 post
577 515 772 564 superiora
792 515 890 552 mala
909 515 1042 552 sedata
1070 527 1115 551 ac
1142 514 1263 564 sopita
1283 514 1377 563 (non
1406 512 1505 550 enim
1536 512 1661 549 dicam

205 575 412 622 exstincta)
433 576 539 613 novis
561 576 723 613 subinde
744 576 825 613 aliis
847 576 1083 627 gravioribus
1103 575 1397 619 suborientibus,
1419 573 1553 624 quibus
1574 586 1664 609 non-

205 637 294 674 dum
317 638 430 676 etiam
453 639 567 676 hodie
588 638 757 676 defuncti
777 653 918 676 sumus.
974 639 1035 675 Ita
1056 651 1140 675 cum
1164 636 1440 676 Demosthenis
1469 635 1587 672 editio
1606 635 1662 671 in-

204 699 344 737 choata
363 700 503 737 multos
534 713 653 737 annos
675 701 895 738 mansisset:
928 700 982 736 Io.
1003 700 1238 743 Benenatus‚
1271 698 1388 735 totius
1420 696 1662 734 instrumenti

204 761 474 812 typographici
504 774 720 806 successor,
751 761 988 799 matrimonio
1023 774 1111 798 cum
1139 760 1253 797 vidua
1282 766 1492 804 contracto,
1524 759 1662 802 factus,

204 823 341 873 partim
363 837 431 861 sua
452 831 603 874 sponte,
624 823 762 874 partim
781 823 975 860 hominum
996 830 1073 860 tam
1103 822 1258 872 longam
1286 821 1441 871 incoepti
1462 819 1586 870 operis
1607 819 1663 856 in-

205 883 485 922 termissionem
523 885 764 935 querentium
794 892 834 922 et
866 897 969 934 aegre
997 883 1200 921 ferentium
1229 882 1390 920 vocibus
1425 880 1587 919 assiduis
1615 879 1666 916 vi-

208 952 307 991 ctus,
322 946 521 984 consilium
536 947 691 984 tandem
706 946 808 997 cepit
822 947 927 997 operi
945 946 1136 990 inchoato,
1154 952 1192 981 et
1213 944 1399 995 deposito,
1417 952 1456 981 et
1476 950 1517 979 ut
1537 942 1590 980 ita
1609 941 1666 978 di-

206 1021 302 1053 cam,
321 1008 575 1054 conclamato,
592 1009 805 1047 subvenire.
844 1011 933 1051 Qua
946 1008 983 1045 in
1003 1021 1044 1045 re
1066 1020 1151 1045 cum
1172 1006 1241 1044 sibi
1262 1006 1476 1055 adjutorem
1497 1004 1664 1055 aliquem

205 1070 465 1107 adhibendum
486 1083 569 1107 esse
590 1070 844 1114 existimaret,
865 1069 927 1119 qui
958 1076 997 1106 et
1016 1068 1134 1106 vellet
1162 1075 1199 1105 et
1217 1075 1348 1117 posset
1378 1066 1411 1104 ei
1431 1066 1485 1104 rei
1508 1078 1663 1116 operam

204 1131 368 1180 aliquam
396 1143 548 1175 navare,
584 1143 625 1167 se
654 1131 703 1167 ad
735 1144 795 1168 me
825 1129 1062 1181 potissimum
1093 1128 1277 1165 contulit:
1309 1141 1423 1177 quem
1443 1135 1481 1164 et
1501 1127 1664 1177 publicis

205 1191 415 1229 commodis
436 1192 599 1229 libenter
621 1192 798 1229 inservire
821 1198 1068 1242 cognoverat,
1091 1198 1130 1227 et
1146 1188 1345 1240 plurimum
1365 1188 1435 1226 sibi
1450 1188 1487 1225 in
1507 1189 1664 1238 negotio

202 1260 385 1303 suscepto
405 1253 589 1303 prodesse
610 1266 722 1303 posse
752 1253 1006 1290 existimabat.
1066 1251 1165 1301 Ego,
1188 1249 1359 1301 quamvis
1388 1250 1425 1286 in
1447 1250 1528 1287 aliis
1548 1250 1663 1288 rebus

205 1327 228 1351 a
255 1327 315 1351 me
345 1314 523 1352 institutis
552 1314 876 1364 occupatissimus,
905 1313 1049 1351 homini
1079 1313 1212 1356 amico,
1235 1311 1445 1363 praesertim
1466 1311 1502 1347 in
1526 1325 1565 1348 re
1586 1319 1663 1348 tarn

205 1376 404 1426 praeclara,
429 1376 565 1413 deesse
591 1375 709 1413 nolui.
767 1376 904 1426 Itaque
926 1376 1106 1412 continuo
1128 1375 1310 1424 reliquam
1333 1380 1480 1423 partem
1503 1372 1666 1423 exempli

206 1437 391 1487 impressi,
410 1438 457 1475 ad
479 1439 585 1487 cujus
606 1451 710 1474 oram
733 1445 771 1474 et
791 1437 1066 1487 scripturarum
1088 1444 1290 1473 contextus
1312 1434 1583 1472 Demosthenis
1604 1447 1667 1471 va-

209 1499 367 1537 rietates
391 1513 413 1537 a
437 1500 604 1537 Morelio
634 1500 859 1550 adscriptas,
883 1507 922 1536 et
951 1499 1097 1536 scholia
1130 1498 1193 1534 illa
1223 1498 1365 1535 Graeca
1398 1496 1568 1534 nondum
1597 1496 1666 1532 im-

208 1574 351 1610 pressa,
373 1562 600 1612 transcripta
619 1561 735 1598 fuisse
757 1573 872 1611 supra
892 1561 980 1604 dixi,
1005 1560 1210 1610 diligenter
1231 1567 1345 1609 atque
1366 1565 1512 1595 attente
1531 1557 1665 1607 relegi,

178 1655 180 1657 .
207 1635 251 1659 ac
271 1623 490 1673 recognovi.
549 1624 611 1660 Ac
632 1622 779 1660 scholia
794 1622 949 1672 quidem
970 1622 1046 1666 illa,
1063 1635 1146 1672 quae
1167 1628 1323 1671 propter
1341 1619 1498 1657 Morelii
1522 1619 1666 1656 obitum

209 1685 453 1721 immaturum
486 1693 594 1721 erant
621 1685 748 1722 adhuc
781 1683 952 1727 confusa,
975 1691 1014 1720 et
1032 1684 1259 1733 perturbato
1294 1682 1428 1719 ordine
1462 1681 1666 1726 collocata,

207 1746 258 1784 ita
279 1753 331 1790 ut,
353 1760 428 1797 quo
459 1747 709 1797 pertinerent,
737 1760 814 1784 non
846 1746 961 1784 facile
994 1745 1114 1797 quivis
1145 1744 1334 1782 interdum
1375 1750 1562 1787 cerneret,
1596 1755 1667 1780 suo

206 1821 368 1858 quaeque
388 1808 473 1845 loco
495 1807 638 1858 digessi
659 1815 775 1859 atque
796 1808 833 1844 in
857 1807 1028 1844 ordinem
1050 1806 1181 1856 redegi
1199 1819 1207 1842 :
1239 1813 1278 1843 et
1298 1804 1456 1855 Ulpiani
1476 1817 1668 1841 commen*-

206 1869 322 1906 tarios
350 1869 388 1906 in
417 1869 645 1907 editionibus
666 1869 831 1919 vulgatis
849 1868 1165 1919 corruptissimos,
1183 1867 1312 1917 quoad
1333 1869 1414 1916 ejus
1434 1866 1514 1903 fieri
1534 1865 1668 1903 debuit

207 1944 253 1969 ac
273 1932 407 1982 potuit,
430 1931 614 1982 castigavi
634 1939 750 1982 atque
780 1931 995 1969 emendavi.
1053 1932 1098 1967 In
1122 1937 1308 1967 contextu
1328 1942 1418 1966 vero
1440 1927 1670 1965 Demosthe-

207 1992 262 2029 nis
282 1993 599 2042 recognoscendo
615 1993 713 2030 viam
733 1993 822 2030 mihi
838 1996 915 2041 jain
938 2005 960 2029 a
975 1992 1143 2029 Morelio
1159 1997 1488 2042 praemonstratam
1509 1996 1667 2026 secutus

208 2066 303 2098 sum,
332 2054 517 2103 simulque
538 2055 729 2092 Benenati
758 2053 944 2091 voluntati
973 2067 1116 2090 morem
1148 2052 1260 2103 gessi,
1297 2059 1339 2089 ut
1358 2051 1449 2088 nihil
1470 2064 1625 2101 prorsus
1646 2064 1669 2088 a

206 2115 363 2165 vulgata
383 2123 422 2151 et
441 2122 597 2165 recepta
631 2115 819 2166 scriptura
850 2123 1041 2152 mutarem
1059 2128 1068 2151 :
1098 2115 1166 2152 sed
1189 2127 1320 2150 omnes
1341 2112 1668 2150 dissimilitudines

208 2175 269 2213 vel
290 2176 339 2213 ad
361 2189 464 2213 oram
486 2176 571 2213 libri
601 2176 881 2227 adpingendas,
912 2176 972 2214 vel
1001 2176 1038 2212 in
1067 2176 1175 2212 calce
1208 2174 1454 2212 collocandas
1481 2187 1668 2211 curarem.

210 2232 298 2279 Qua
317 2237 471 2286 quidem
498 2236 535 2273 in
568 2250 610 2274 re
639 2244 746 2274 tanta
762 2237 837 2273 fuit
857 2236 1048 2274 Benenati
1079 2236 1226 2286 religio,
1262 2236 1322 2272 cui
1351 2235 1464 2273 facile
1493 2247 1669 2272 assensus

209 2312 306 2345 sum,
334 2306 376 2336 ut
400 2299 583 2336 lectiones
604 2306 643 2336 et
663 2298 989 2349 interpunctiones
1018 2298 1191 2348 vulgatas
1220 2310 1494 2347 nonnunquam
1515 2296 1668 2334 vitiosas

209 2361 373 2397 retinere
393 2360 583 2405 maluerit,
606 2360 811 2398 dummodo
843 2373 971 2398 earum
1003 2359 1293 2397 emendationes
1323 2359 1382 2396 vel
1415 2359 1452 2394 in
1482 2358 1668 2408 margine,

209 2422 269 2460 vel
290 2423 327 2459 in
356 2422 463 2460 calce
491 2422 573 2460 libri
598 2429 976 2473 repraesentarentur,
996 2435 1108 2472 quam
1131 2421 1307 2471 cuiquam
1339 2421 1524 2458 malevolo
1553 2420 1668 2457 ullam

205 2486 346 2534 justam
366 2483 673 2535 reprehendendi
696 2498 826 2522 ansam
844 2484 1076 2534 relinquere.
1133 2483 1368 2520 Meminerat
1386 2482 1498 2527 enim,
1515 2483 1563 2519 de
1583 2495 1669 2519 mea

212 2546 412 2584 Ciceronis
445 2546 626 2589 editione,
656 2547 721 2596 qui
755 2559 951 2584 sermones
991 2545 1184 2582 hominum
1220 2544 1357 2595 partim
1392 2545 1666 2594 imperitorum,

210 2608 345 2658 partim
372 2607 589 2658 iniquorum
616 2607 790 2653 fuissent,
822 2621 907 2645 curn
928 2607 1113 2652 dicerent,
1142 2620 1203 2643 me
1234 2606 1390 2643 nimium
1410 2607 1500 2642 mihi
1515 2606 1611 2654 juris
1632 2607 1669 2642 in

214 2669 404 2706 Cicerone
425 2669 666 2706 emendando
687 2669 931 2706 assumsisse:
953 2682 1028 2706 non
1050 2668 1266 2719 oportuisse
1287 2681 1308 2704 a
1323 2667 1491 2705 lectione
1511 2674 1669 2718 recepta

214 2729 393 2768 discedi:
423 2730 512 2767 satis
541 2730 658 2767 fuisse
690 2731 866 2768 lectionis
894 2730 1099 2768 varietates
1130 2737 1168 2767 et
1198 2729 1404 2780 scripturas
1436 2729 1475 2765 in
1502 2729 1667 2779 antiquis

213 2792 410 2829 codicibus
430 2799 615 2842 repertas,
637 2799 702 2829 aut
718 2792 957 2842 quantumvis
978 2792 1195 2842 probabiles
1216 2794 1474 2839 conjecturas,
1494 2790 1531 2826 in
1551 2802 1667 2826 anno-

215 2853 418 2890 tationibus
433 2853 576 2890 locari.
634 2854 695 2890 Ne
715 2853 806 2903 quid
827 2854 941 2903 igitur
962 2853 998 2890 in
1019 2853 1286 2890 Demosthene
1316 2852 1518 2902 quicquam
1548 2851 1622 2887 tale
1645 2863 1667 2887 a

215 2914 323 2951 nobis
344 2927 428 2952 esse
449 2914 591 2952 factum
613 2915 718 2965 queri
746 2916 874 2964 possit,
899 2915 1085 2965 (quamvis
1105 2913 1299 2951 hominum
1322 2913 1529 2949 invidorum
1552 2919 1589 2948 et
1611 2912 1665 2947 in-
