1824 3171
133 94 249 134 xxxvi
420 89 421 92 ¹
577 95 908 134 HIERONYMI
939 97 1139 135 WOLFII

133 194 215 232 aliis
233 206 335 233 nunc
353 195 467 234 rebus
486 196 706 242 utilioribus,
729 205 793 236 aut
811 199 945 237 saltem
965 199 1085 250 magis
1114 198 1222 237 nobis
1250 197 1485 245 necessariis,
1504 211 1569 237 va-

134 255 278 294 caturi:
307 268 433 307 pauca
453 258 643 308 quaedam,
672 259 775 297 nullo
796 260 940 306 ordine,
961 267 1002 297 ut
1023 267 1236 305 occurrent,
1257 260 1360 297 velut
1379 259 1574 311 specimen

130 316 392 366 proferamus:
421 331 506 368 quae
526 319 572 356 ad
593 326 735 357 caetera
761 333 916 369 genera,
946 335 1031 372 quae
1059 322 1174 359 modo
1198 321 1371 372 exposita
1397 327 1496 364 sunt,
1515 319 1573 356 fa-

131 377 204 415 cile
232 378 458 417 referentur.
516 380 702 418 Sumanus
730 381 842 431 igitur
870 382 977 420 haec:
1007 385 1064 420 καὶ
1091 385 1188 420 ταῦτ’
1209 385 1319 420 αὐτοῦ
1347 397 1572 433 καταμαρτυ-

129 443 275 486 ροῦντες
295 441 439 490 πράξειν
454 442 554 491 φησί.
610 442 837 491 Legendum
855 456 937 480 esse
957 449 1244 494 καταμαρτυρεῖν
1262 445 1327 485 τὰς
1346 444 1490 494 πράξεις
1508 454 1570 478 me

127 500 318 537 sententia
342 499 472 539 docuit
503 509 541 539 et
570 503 704 539 erroris
733 502 1004 541 animadversio
1024 505 1062 541 ἐκ
1081 512 1143 541 τοῦ
1163 505 1214 555 ὑφ’
1236 506 1278 541 ἓν
1302 506 1359 540 καὶ
1378 513 1441 548 τῆς
1470 506 1571 540 ‹ivn-

131 564 314 613 στοιχίας,
344 568 386 598 ut
404 568 442 599 et
469 563 542 600 alia
568 563 727 613 plurima
758 577 862 614 saepe
896 564 1120 602 destitutum
1148 564 1366 615 quindecim
1397 563 1572 601 codicum

128 621 281 660 auxilio.
325 621 543 671 Διενεγκεῖν·
560 623 611 661 δεῖ
628 625 802 673 ἐνεγκεῖν.
823 629 929 663 πέντε
959 628 1017 662 καὶ
1037 626 1122 663 δέκα
1143 630 1312 663 τάλαντα
1334 629 1431 667 τούς·
1451 640 1574 662 πεντε·

130 682 537 726 καιδεκαταλαντιαίους
564 687 696 727 οἴκους.
757 685 818 723 Sic
841 687 1196 724 πεντεκαιδεκαναία·
1225 694 1267 724 ut
1296 685 1498 724 causidicae
1528 697 1575 722 ac

128 745 255 793 potius
274 744 555 794 sycophanticae
574 747 663 784 artis
686 760 760 784 uno
780 748 897 784 verbo
916 748 1018 798 apud
1035 748 1330 798 Aristophanem
1352 747 1571 797 descriptio,

131 805 567 857 στρεψοδικοπανουργία.
597 806 624 844 ὦ
657 807 786 856 ἄνδρες
816 808 990 854 α’θηναῖοι
1017 809 1091 854 alii,
1120 806 1148 847 ὦ
1170 809 1354 855 α’ἓηναῖοι,
1375 809 1450 854 alii,
1481 808 1575 855 α’ἓη-

130 871 242 911 ναῖοι,
263 873 425 918 utraque
444 881 536 906 voce
565 869 811 918 praecedente
841 870 992 908 omissa.
1022 870 1077 907 ὅτι
1102 869 1287 920 ἓεοκρίνης
1316 870 1464 921 ὀφείλει·
1493 869 1575 907 θεο-

131 929 253 975 κρίνην
273 929 446 978 ὀφείλειν.
477 929 621 980 ἁλῴοις·
643 931 722 980 ἁλῷ
742 929 811 972 οἷς.
843 928 895 967 niv
915 931 1068 967 ἔνεστιν·
1093 928 1145 968 ὦν
1172 932 1213 966 ἕν
1232 932 1348 968 ἐστιν.
1377 931 1576 978 ὑπόλογον·

128 987 197 1024 ὑπὸ
217 990 345 1036 λόγον.
362 992 614 1040 γεγραμμένα·
637 990 853 1040 γράμματα.
867 990 1176 1041 ἓεσμοθητοῦντα·
1198 990 1437 1042 θεσμοθέτην.
1457 992 1575 1041 α’φείς·

131 1049 192 1099 ἀφ’
205 1048 260 1093 ἧς.
281 1050 423 1092 παιέός·
441 1051 611 1093 ἄπαιδος.
627 1050 781 1088 ἄποθεν·
807 1051 969 1090 ἄπωθεν.
990 1052 1194 1104 γράμματι·
1214 1052 1422 1102 πράγματι.
1442 1055 1574 1090 ταῦτα·

131 1109 264 1147 πάντα.
321 1111 420 1149 Haec
439 1111 612 1150 videntur
632 1111 726 1150 εἶναι
753 1122 816 1159 τῆς
844 1122 1029 1164 παρακοῆς
1049 1126 1070 1151 e
1090 1113 1172 1151 soni
1199 1112 1456 1151 similitudine.
1482 1114 1576 1158 ἀλη-

129 1173 203 1213 θές·
230 1171 396 1222 ἀκριβές.
435 1175 603 1220 τάληθές·
633 1173 818 1224 τάκριβές.
847 1175 1036 1226 ἠφάνισεν·
1070 1175 1274 1223 ἐξήλειψεν.
1307 1175 1449 1216 ὁποίας·
1477 1175 1573 1216 οἵας.

131 1234 316 1282 τιμωρέεις·
345 1234 529 1277 κολάσεις.
557 1237 698 1280 ἡλίκον·
727 1235 827 1273 ὅσον.
885 1236 985 1273 Heec
1009 1236 1316 1287 Synonymorum
1347 1234 1573 1285 permutatio

129 1293 282 1331 scholiis
314 1294 486 1332 debetur.
521 1297 645 1334 πάντα
673 1297 756 1334 ὅσα·
786 1295 923 1334 ἅπανθ’
954 1296 1036 1334 ὅσα.
1067 1300 1279 1345 κατέγνωτε·
1310 1296 1574 1344 κατεγνώκατε.

128 1354 278 1407 ᾔδεσαν·
307 1356 480 1395 ε’ίὲεισαν.
499 1358 747 1404 ἐξαλήλιπται·
777 1359 994 1404 ἑξῇλειπται.
1024 1358 1305 1409 διακεκριμένον·
1342 1357 1570 1408 ἒιακεχριμέ-

130 1431 209 1453 νον.
234 1418 456 1469 ἐνεχείρησε·
485 1420 694 1472 ἐνεχείρισε.
725 1423 847 1457 εἰπών·
878 1420 1051 1458 ὑπειπών.
1081 1421 1418 1468 ἀναγκαζομένους·
1440 1434 1574 1455 συναν·

132 1479 418 1527 αγκαζομὲνους.
448 1480 527 1517 ἕνα·
555 1483 604 1530 μὴ
631 1482 712 1517 ἕνα.
733 1483 776 1518 τὰ
793 1483 843 1517 ε’κ·
874 1479 919 1517 τά
947 1497 983 1518 τε
1006 1482 1056 1518 ἐκ·
1077 1478 1482 1530 παρακατατιθέμενον·
1503 1491 1577 1516 πει-ι

131 1540 454 1588 ρακατατίθεσὲαι.
493 1543 616 1584 αὑτός·
655 1540 773 1584 οὗτος.
811 1544 1036 1593 οἰκουμένας·
1074 1542 1395 1592 οἷκονομουμένας.
1415 1546 1574 1591 κρατεῖν·

132 1606 282 1648 κροτεῖν.
308 1604 394 1653 παρ’
417 1603 514 1653 ὑμῖν·
544 1604 627 1653 παρ’
652 1604 764 1653 ὑμῶν.
790 1605 1014 1654 ἐγέγραπτο·
1041 1604 1307 1654 ἐνεγέγραπτο.
1327 1601 1465 1644 ἄδικος·
1487 1601 1576 1640 ἀνά-

131 1658 239 1702 δικος.
268 1661 418 1709 ἀδικεῖν,
438 1664 644 1703 ἀντιδικεῖν·
664 1665 882 1703 ἅνταδικεῖν.
909 1667 1144 1716 ἐξαιτήσομεν
1163 1665 1237 1706 οὕς·
1259 1666 1575 1714 ἑξαιτησομένους.

130 1719 322 1767 διοικῆσαι·
342 1724 520 1763 διοικίσαι.
539 1728 661 1764 αὐτόν·
684 1727 807 1764 αὐτόν.
821 1728 950 1777 ῥήτωρ·
970 1729 988 1764 ὁ
1008 1728 1140 1777 ῥήτωρ.
1199 1725 1277 1763 Sed
1297 1725 1432 1763 modus
1451 1725 1499 1762 sit
1518 1725 1575 1763 rei

131 1793 251 1832 prope
267 1783 444 1823 infinitae:
475 1799 589 1836 quam
604 1787 751 1837 privato
771 1786 931 1838 quisque
950 1788 1090 1833 studio,
1107 1800 1153 1824 ex
1172 1786 1231 1831 iis,
1254 1799 1338 1837 quae
1355 1793 1394 1823 et
1413 1799 1435 1823 a
1450 1786 1572 1832 nobis,

133 1849 172 1878 et
191 1844 238 1880 ab
259 1845 339 1882 aliis
358 1854 489 1884 notata
516 1855 615 1892 sunt,
637 1848 823 1885 observet.
898 1849 947 1885 At
967 1849 1127 1899 inquies,
1148 1848 1232 1899 quis
1261 1848 1298 1884 in
1326 1854 1434 1885 tanta
1453 1848 1574 1885 varie-

131 1907 210 1940 tate
229 1918 355 1943 veram
382 1907 583 1946 lectionem
611 1909 901 1959 deprehendet?
958 1910 1114 1947 Alicubi
1134 1910 1295 1946 fortasse
1313 1921 1450 1946 nemo:
1479 1911 1574 1947 ἰ’σων

132 1978 174 2009 γε
194 1972 264 2002 τῶν
283 1968 412 2018 ψήφων
431 1971 664 2020 γενομένωνε
694 1970 840 2019 quoties
861 1977 899 2007 et
915 1971 1117 2006 verborum
1136 1970 1273 2006 eadem
1290 1969 1345 2007 vis
1367 1977 1436 2014 est,
1458 1977 1496 2007 et
1514 1982 1574 2008 ra·-

130 2023 186 2061 tio
215 2029 416 2065 sententiae
444 2036 558 2079 atque
586 2038 790 2080 syntaxeos
816 2038 977 2075 constat,
1000 2037 1038 2067 et
1059 2043 1134 2067 non
1154 2030 1342 2068 dissimilis
1363 2038 1422 2068 est
1440 2043 1575 2069 nume·-

132 2096 259 2122 rorum
289 2089 575 2128 concinnitudo.
633 2091 710 2129 Ubi
731 2104 821 2128 vero
841 2091 937 2128 alius
957 2091 1081 2129 codex
1103 2092 1154 2129 ad
1180 2092 1266 2129 haec
1285 2092 1440 2142 propius
1460 2105 1575 2130 acce-

135 2145 203 2191 dit,
233 2148 406 2199 aliusque
427 2151 474 2189 ab
493 2151 623 2188 iisdem
653 2152 800 2189 recedit
826 2152 989 2201 longius,
1009 2152 1091 2201 quis
1120 2152 1280 2197 dubitet,
1308 2159 1392 2189 uter
1421 2153 1495 2189 utri
1527 2153 1577 2191 sit

133 2208 422 2256 praeferendus?
477 2211 602 2262 Atque
630 2213 715 2250 haec
744 2225 828 2250 inea
855 2213 1075 2260 adjumenta
1091 2212 1243 2250 fuerunt
1262 2213 1297 2249 in
1317 2213 1360 2250 iis
1380 2214 1578 2253 autoribus

133 2267 437 2319 interpretandis,
451 2286 607 2322 quorum
623 2280 689 2310 aut
706 2273 877 2323 singulos
892 2280 1133 2318 tantumraut
1147 2274 1274 2324 plures
1293 2275 1575 2315 consentientes

135 2330 291 2368 codices
312 2332 437 2378 habui,
459 2346 585 2384 neque
609 2338 844 2382 conjecturas
871 2347 987 2379 τηρεε,
1007 2348 1093 2386 quoe
1113 2342 1150 2372 et
1170 2336 1354 2373 rationem
1375 2337 1576 2376 Gramma-

133 2390 262 2436 ticam,
284 2400 323 2430 et
351 2395 549 2434 sententiae
569 2395 782 2440 veritatem,
806 2403 845 2433 et
873 2396 1077 2434 dictionem
1097 2397 1237 2434 autoris
1256 2398 1419 2436 sollicite
1439 2412 1574 2438 conse-

135 2459 287 2490 ctantur
316 2462 432 2505 atque
460 2455 676 2493 diuturnum
696 2456 734 2492 in
755 2457 886 2506 graecis
915 2457 1048 2494 litteris
1078 2458 1285 2508 (inquibus
1303 2467 1455 2502 aetatem
1482 2473 1573 2498 con-2

134 2514 265 2562 sumsi)
283 2528 388 2552 usum
410 2517 647 2565 etjudicium
663 2530 750 2555 cum
769 2518 897 2555 mullis
913 2519 1066 2556 cariosis
1087 2520 1272 2570 exemplis
1289 2521 1374 2570 (etsi
1387 2521 1462 2559 hoc
1481 2522 1573 2559 invi-

135 2573 191 2611 dis
207 2583 244 2612 et
260 2575 442 2626 imperitis
457 2585 679 2628 arroganter
694 2578 836 2616 dictum
850 2578 1056 2626 videbitur)
1070 2587 1300 2617 commutata
1311 2581 1461 2620 vellem.
1492 2583 1573 2621 Ne-

135 2649 209 2686 que
225 2637 299 2674 hoc
319 2650 341 2674 a
356 2650 415 2675 me
430 2646 574 2677 temere
587 2639 734 2687 jactari,
751 2640 891 2677 docere
910 2647 1099 2689 poterunt,
1114 2641 1572 2690 Isocrates‚'Plutarchus,

137 2696 350 2748 Epictetus,
374 2700 524 2744 Suidas,
548 2701 759 2751 Byzantina
781 2701 945 2745 historia,
975 2702 1121 2739 scholia
1137 2703 1346 2748 Ptolemaei,
1368 2704 1569 2754 Ulpianus,

134 2759 208 2796 alia
236 2761 442 2811 complura,
471 2768 509 2798 et
536 2761 597 2799 hic
626 2762 704 2812 ipsc
726 2762 1031 2799 Demosthenes:
1063 2777 1174 2814 quein
1197 2777 1270 2800 non
1292 2765 1459 2814 pluribus
1479 2767 1572 2806 iocis

135 2826 192 2862 tot
211 2828 286 2858 tarn
301 2822 449 2860 diversa
468 2822 654 2873 exempla,
671 2836 781 2872 quain
797 2823 1045 2862 divinationes
1066 2832 1204 2863 nostrae
1224 2828 1280 2862 καὶ
1301 2826 1429 2876 γνώμη
1449 2828 1570 2867 ima-ua
