1824 3171
196 162 280 200 ccvi
651 160 866 200 REISKII
902 161 1198 202 PRAEFATIO

202 269 319 300 tatem
356 262 613 314 castigatiores
647 264 922 315 aliquantulum
953 266 1249 312 excuderentur,
1271 266 1424 305 memini
1445 278 1494 304 ex
1521 274 1560 305 te
1580 279 1648 305 au-

202 323 340 362 divisse
357 324 431 352 —''
487 325 583 362 Inde
604 337 710 362 orsus
737 333 922 376 evagatur
949 327 985 364 in
1005 327 1109 365 locos
1137 340 1374 374 communes,
1396 328 1542 366 dudum
1560 341 1649 379 pro·

202 385 309 423 tritos
330 392 368 423 et
393 385 440 423 ad
456 385 648 424 fastidium
670 386 904 425 declamatos
923 388 972 426 de
992 388 1166 427 laudibus
1197 389 1425 440 eloquentiae
1454 389 1650 440 ipsiusque

203 446 488 485 Demosthenis.
503 447 637 498 quibus
666 447 838 498 adjungit
856 449 1032 499 quaedam
1053 450 1102 488 de
1123 463 1192 488 sua
1211 464 1298 489 cum
1320 451 1527 489 Francisco
1544 450 1650 489 Lau-

199 515 348 553 retano‚
378 508 531 546 Abbate
563 508 674 546 Divae
709 508 847 547 Mariae
878 510 1134 561 Vangaditiae‚
1168 513 1228 549 cui
1263 512 1470 550 Francisco
1506 512 1650 550 Demo-

201 570 356 607 sthenes
378 569 617 607 Felieianeus
652 569 852 621 inscriptus
883 579 954 617 est,
976 580 1016 610 et
1043 585 1128 610 cum
1160 573 1269 611 istius
1300 573 1491 612 Francisci
1516 574 1649 620 fratre,

199 631 382 676 Antonio,
412 631 709 670 necessitudine.
765 633 865 675 Quae
895 634 1022 672 omnia
1051 634 1101 672 ad
1122 647 1190 672 nos
1210 634 1263 671 nil
1288 635 1494 685 pertinent.
1550 635 1651 677 Quae

199 699 327 730 autem
358 692 492 742 ipsius,
522 693 587 743 qui
620 693 745 732 editor
777 700 892 740 esset,
923 707 1128 746 personam
1160 695 1323 734 decebat
1343 709 1413 734 nos
1433 696 1589 742 docere,
1610 702 1651 735 et

201 767 287 805 quae
305 760 433 792 nostra
452 767 563 805 quarn
585 754 789 806 plurimum
807 755 992 795 intererat
1011 770 1079 795 nos
1099 758 1147 795 ab
1164 757 1262 808 ipso,
1281 757 1345 808 qui
1364 770 1462 795 unus
1483 757 1653 796 omnium

199 816 342 867 optime
367 823 510 863 nosset,
539 824 580 855 et
606 817 709 855 solus
737 829 852 856 nosse
873 826 1038 869 poterat,
1059 819 1204 865 doceri,
1226 831 1272 857 ea
1290 831 1382 856 vero
1402 831 1473 857 nos
1497 818 1651 857 celavit.

199 877 242 914 In
264 890 340 928 quo
361 885 399 915 et
419 878 498 928 ipse
518 878 608 924 suis,
630 885 670 916 et
688 878 875 917 lectorum
896 880 1041 931 pariter
1067 880 1281 920 commodis
1301 879 1440 918 offecit.
1498 879 1578 918 Sed
1597 879 1650 918 sic

197 938 373 977 serebant
391 939 465 978 ista
484 946 669 992 tempora,
689 953 777 992 quae
796 953 885 979 eum
904 941 1044 981 tulere.

732 1127 904 1171 SECT.
937 1128 1116 1171 XXX.

636 1244 696 1282 De
714 1245 832 1282 codice
853 1245 1073 1296 Augustam
1093 1252 1204 1283 sexto.

249 1355 496 1394 MISERUNT
517 1354 567 1392 ad
586 1367 647 1391 me
676 1367 802 1406 nuper
830 1356 1069 1407 Augustanae
1097 1355 1322 1408 reipublicae
1356 1367 1553 1407 proceres,
1584 1357 1649 1407 qui

196 1417 361 1467 publicae
389 1430 468 1455 suae
498 1416 746 1454 bibliothecae
778 1425 959 1468 praesunt,
982 1419 1032 1455 ad
1051 1431 1113 1456 me
1134 1417 1291 1456 codices
1320 1431 1467 1467 graecos
1499 1418 1649 1456 calamo

195 1486 371 1516 exaratos
391 1491 550 1515 numero
575 1491 656 1523 sex,
676 1477 715 1515 in
735 1478 871 1528 quibus
901 1486 962 1516 est
980 1479 1158 1516 volumen
1186 1479 1361 1530 spissum,
1390 1478 1525 1516 sormae
1550 1472 1649 1530 >qua-

195 1540 328 1587 dratae,
345 1539 573 1590 particulam
595 1539 778 1588 exiguam
797 1539 1071 1578 Demosthenis
1104 1547 1256 1584 tenens,
1287 1545 1365 1577 tres
1396 1539 1650 1591 Olynthiacas

194 1609 298 1654 puta,
321 1601 574 1652 Philippicam
594 1600 767 1652 primam,
797 1600 1000 1652 epistolam
1031 1601 1212 1652 Philippi,
1234 1608 1274 1638 et
1293 1601 1343 1638 de
1371 1613 1483 1652 pace.
1540 1600 1652 1639 Non-

193 1664 282 1701 dum
299 1663 450 1702 vacavit
466 1663 578 1713 hujus
599 1662 746 1700 codicis
777 1663 962 1701 lectiones
983 1663 1219 1701 examinare.
1277 1662 1357 1700 Sed
1372 1661 1562 1700 exhibebo
1580 1663 1650 1702 has

195 1739 349 1777 quoque
368 1725 406 1762 in
426 1724 583 1762 materia
601 1724 742 1763 critica.
800 1724 1077 1763 Miscellaneus
1097 1731 1156 1763 est
1174 1724 1299 1762 codex
1327 1737 1350 1762 a
1369 1723 1499 1761 multis
1532 1725 1650 1763 colla-

192 1796 268 1833 tus,
292 1787 396 1838 quod
415 1786 576 1824 diversae
595 1798 731 1823 manus
757 1792 961 1830 testantur,
983 1793 1166 1824 exaratus
1191 1785 1231 1822 in
1260 1785 1371 1823 Italia
1398 1785 1539 1823 saeeulo
1561 1786 1649 1824 XV.

193 1856 370 1894 exeunte,
391 1855 458 1886 aut
478 1847 590 1885 XVI.
620 1847 790 1885 ineunte.
847 1847 993 1886 Nescio
1013 1861 1062 1886 an
1078 1847 1331 1886 Pirkhaimeri
1351 1847 1543 1898 quondam
1563 1848 1649 1887 fue-

192 1915 256 1962 rit,
274 1925 388 1963 quem
407 1911 582 1962 suspicor
601 1923 650 1948 ex
668 1910 733 1948 illo
764 1910 901 1949 codice
929 1912 1091 1962 primum
1112 1910 1372 1962 Theophrasti
1390 1910 1648 1950 Characteres

194 1975 370 2014 edidisse.
426 1973 606 2023 Longum
635 1972 683 2010 sit
711 1971 865 2023 singula
894 1985 1212 2020 commemorare,
1234 1986 1321 2024 quae
1349 1973 1424 2011 hoc
1455 1973 1649 2013 volumine

192 2036 451 2080 continentur,
485 2033 683 2086 opuscula.
759 2033 947 2072 Brevibus
976 2047 1176 2085 exsequar.
1248 2033 1347 2071 Sunt
1377 2032 1430 2071 ibi
1463 2034 1648 2085 epistolae,

192 2112 287 2150 quas
309 2098 436 2135 Aldus
464 2096 599 2141 edidit,
621 2095 739 2134 Attici
759 2096 976 2147 fragmenta
996 2110 1065 2147 pro
1086 2096 1265 2145 Platone,
1282 2107 1368 2146 quae
1386 2096 1552 2134 servavit
1568 2097 1649 2135 Eu-

192 2160 332 2206 sebius,
354 2159 514 2210 Georgii
542 2158 743 2204 Scholarii,
771 2158 952 2196 Gemistii
988 2158 1200 2203 Plethonis,
1237 2157 1453 2195 Andronici
1484 2157 1648 2204 Callisti,

196 2222 444 2268 Bessarionis,
481 2220 634 2259 Ioannis
665 2220 880 2270 Saguntini,
910 2220 1117 2258 Michaelis
1140 2219 1271 2264 Pselli‚
1294 2218 1459 2264 Libanii,
1488 2217 1650 2266 Juliani,

194 2284 367 2328 Luciani,
392 2282 556 2334 Synesii,
578 2281 849 2332 Theophrasti,
872 2281 1107 2326 Aristotelis,
1129 2280 1313 2326 Platonis,
1335 2288 1375 2318 et
1402 2280 1532 2319 nescio
1555 2295 1651 2332 quo-

193 2359 274 2382 rum
306 2345 532 2395 fragmenta.
602 2342 871 2381 TumultuarIe
898 2356 986 2381 eum
1013 2343 1260 2395 pervolutans
1290 2342 1417 2394 reperi
1448 2343 1650 2394 epistolam

194 2405 350 2451 Juliani,
367 2419 452 2456 quoe
474 2405 510 2442 in
533 2404 762 2443 collectione
785 2404 1006 2455 Spanhemii
1023 2413 1081 2443 est
1095 2409 1160 2443 58.
1181 2419 1219 2456 p.
1239 2408 1330 2444 41⁴3.
1348 2404 1561 2455 pleniorem
1583 2419 1649 2444 ex-

194 2467 328 2520 emplis
344 2466 574 2516 vulgaribus.
607 2466 685 2504 Sed
706 2466 807 2503 illam
830 2467 1030 2517 epist-olam
1050 2468 1239 2517 integram
1256 2467 1401 2504 dudum
1423 2467 1544 2505 edidit
1560 2468 1648 2506 Mu-

194 2528 368 2573 ratorius,
391 2529 493 2565 unde
519 2528 672 2578 repetiit
701 2528 899 2566 Fabricius
918 2529 1018 2567 Bibl.
1040 2529 1110 2567 Gr.
1133 2529 1179 2567 T.
1203 2529 1293 2565 VII.
1314 2541 1403 2579 pag.
1420 2532 1484 2567 84.
1541 2530 1647 2569 Alias

194 2590 360 2642 quinque.
380 2589 540 2626 ineditas
559 2589 584 2627 J
589 2589 702 2626 uliani
723 2589 905 2640 epistolas
925 2590 1066 2628 ibidem
1080 2590 1217 2642 reperi,
1235 2603 1328 2642 quas
1343 2590 1646 2642 Wyttenbachio

194 2665 293 2700 mco,
313 2650 442 2689 futuro
461 2651 486 2690 J
491 2650 604 2689 uliani
626 2651 880 2699 restauratori,
898 2665 1067 2691 reservo,
