1824 3171
133 113 212 137 xxx
498 101 570 139 10.
601 101 891 140 BENENATI
923 100 1209 139 PRAEFATIO

130 202 330 239 doctorum
350 215 543 242 sermones
562 217 711 255 semper
739 205 1064 250 contemserimus,
1086 212 1124 242 et
1140 210 1304 242 nostram
1323 203 1359 240 in
1380 203 1567 240 Cicerone

128 264 368 302 emendando
396 265 617 303 industriam
647 266 770 303 doctis
798 266 972 304 omnibus
1000 267 1197 316 probatam
1227 277 1310 302 esse
1331 272 1565 314 compertum

126 324 348 374 habeamus)
369 326 421 363 ita
448 326 628 376 religiosi,
659 333 701 363 ut
721 327 812 372 dixi,
842 327 880 364 in
909 328 981 364 hac
1011 326 1178 364 editione
1206 326 1361 370 fuimus,
1382 333 1425 363 ut
1443 326 1564 362 lector

126 385 201 423 hoc
218 386 288 423 sibi
309 393 416 424 certo
435 387 657 437 promittere
678 394 805 437 queat,
826 395 864 424 et
885 387 1186 424 Demosthenem
1214 387 1395 430 omnium,
1412 386 1475 436 qui
1495 398 1564 422 un-

127 459 239 496 quam
269 446 359 484 editi
393 454 492 492 sunt,
514 447 872 492 emendatissimum,
894 447 1075 485 Gulielmi
1106 447 1274 491 Morelii,
1296 447 1353 484 Io.
1375 446 1563 484 Benenati

127 520 255 558 opera,
275 507 443 544 nonnihil
463 508 576 545 etiam
597 521 693 553 mea,
713 508 812 558 quod
832 509 985 558 quidem
1005 509 1043 545 in
1064 521 1149 545 mea
1168 521 1282 545 manu
1297 508 1381 553 fuit,
1402 521 1502 545 nunc
1522 520 1564 545 se

125 581 210 605 esse
226 568 418 618 adeptum,
436 577 474 606 et
494 569 582 605 nihil
603 576 744 613 tamen,
767 569 867 619 quod
888 569 1086 619 quisquam
1106 569 1167 605 vel
1185 568 1562 605 malevolentissimus

124 629 310 666 criminari
330 630 459 679 possit,
478 630 516 666 in
537 643 583 667 eo
604 643 687 667 esse
707 629 958 668 immutatum.
1001 630 1102 666 Haec
1121 636 1173 674 te,
1190 628 1324 673 lector,
1343 628 1440 666 scire
1461 628 1562 665 volui

122 690 342 741 priusquam
377 691 426 728 ad
457 690 759 728 Demosthenem
787 690 994 740 legendum
1022 698 1127 727 tuum
1156 689 1323 727 studium
1356 690 1562 726 conferres.

123 751 164 788 Si
178 764 253 801 qua
273 764 471 802 operarum
487 759 611 789 errata
625 758 723 798 sunt,
738 751 900 789 alienam
916 752 1066 802 culpam
1082 757 1260 801 praestare
1278 763 1353 787 non
1366 750 1563 787 debemus.

123 811 220 849 Vale
248 819 287 850 et
305 812 378 850 hoc
396 812 527 851 labore
546 812 685 850 fruere.
741 812 906 851 Lutetiae
935 825 1034 850 anno
1063 812 1146 850 clo.
1162 812 1221 850 Io.
1241 811 1370 850 LXX.
1394 810 1560 849 Kalend.

123 871 234 910 Febr.

247 992 340 1041 ΙΟ.
378 993 829 1042 BENENATUS
867 992 1426 1042 TYPOGRAPHUS

762 1094 922 1131 Lectori.

172 1172 270 1210 CUM
289 1171 488 1209 duodecim
507 1171 645 1210 abhinc
661 1185 777 1210 annos
793 1172 1007 1209 Gulielmus
1028 1171 1216 1209 Morelius
1239 1171 1558 1220 Demosthenem,

117 1240 308 1269 oratorum
326 1233 491 1270 omnium
504 1233 617 1271 facile
637 1234 858 1284 principem,
880 1233 980 1283 typis
994 1232 1177 1270 mandare
1197 1232 1382 1282 coepisset,
1401 1239 1439 1270 et
1458 1232 1559 1269 hanc

117 1293 322 1331 editionem
341 1295 502 1344 primum
523 1294 731 1332 turbulenti
759 1294 975 1345 reipublicae
1001 1301 1142 1339 motus,
1167 1293 1345 1343 bellaque
1370 1293 1558 1338 intestina,

116 1362 156 1392 et
176 1354 372 1392 difficultas
391 1355 445 1392 rei
470 1355 661 1393 familiaris
689 1369 739 1393 ex
767 1355 874 1392 malis
902 1354 1164 1393 communibus
1188 1361 1288 1399 nata,
1309 1354 1559 1392 intermittere

116 1416 356 1466 coegissent:
391 1416 531 1454 deinde
560 1420 640 1464 eJus
660 1416 728 1453 viri
757 1430 857 1454 mors
883 1415 988 1453 brevi
1018 1422 1227 1453 consecuta
1252 1422 1372 1453 totam
1397 1428 1479 1452 rem
1510 1415 1561 1451 ita

114 1476 346 1527 impedisset,
369 1485 409 1514 ut
434 1478 649 1528 perexigua
677 1485 716 1515 et
746 1491 928 1528 perquam
963 1477 1085 1514 tenuis
1112 1490 1198 1527 spes
1229 1480 1308 1524 ejus
1331 1477 1380 1514 de
1409 1477 1560 1527 integro

113 1539 382 1589 aggrediendae
404 1540 699 1590 relinqueretur:
716 1540 824 1577 nobis
844 1539 1014 1585 tandem,
1030 1552 1131 1576 anno
1150 1538 1360 1588 superiore,
1382 1537 1559 1588 Gregorii

113 1600 351 1638 Nazianzeni
379 1603 426 1639 ab
458 1602 601 1639 Iacobo
622 1602 734 1639 Billio
760 1602 938 1646 Brunaeo,
968 1601 1008 1639 S.
1028 1601 1230 1638 Michaelis
1261 1600 1298 1636 in
1319 1600 1460 1637 Eremo
1491 1601 1558 1637 ab·

112 1662 215 1708 bate,
237 1663 316 1700 viro
336 1663 453 1700 literis
480 1663 614 1713 graecis
643 1670 683 1700 et
708 1663 846 1708 latinis,
866 1662 1045 1713 omnique
1066 1662 1236 1699 doctrina
1255 1662 1401 1699 liberali
1420 1674 1558 1712 perpo-

110 1721 190 1768 lito,
218 1723 254 1760 in
278 1724 435 1761 latinum
465 1737 679 1762 sermonem
699 1725 877 1762 conversi
904 1724 1072 1762 editione
1103 1724 1291 1769 absoluta,
1322 1724 1360 1760 in
1388 1731 1557 1761 mentem

111 1785 229 1830 venit,
250 1785 567 1831 Demosthenem,
588 1799 705 1836 quem
725 1787 771 1824 ab
794 1787 966 1824 omnibus
986 1798 1196 1836 graecarum
1217 1786 1411 1823 literarum
1432 1787 1557 1824 studio

112 1847 250 1884 deditis
279 1846 391 1884 valde
420 1847 536 1884 amari
567 1855 683 1898 atque
713 1848 843 1898 expeti
876 1847 1100 1891 sciebamus,
1130 1847 1336 1897 aliquando
1365 1855 1557 1897 repetere,

110 1911 266 1958 ejusque
287 1908 494 1945 editionem
522 1908 739 1946 inchoatam
760 1909 929 1946 relictam
949 1909 1162 1946 absolvere.
1220 1909 1292 1947 Cui
1319 1910 1424 1947 oneri
1445 1910 1557 1948 susti-

108 1969 236 2006 nendo
263 1982 350 2005 cum
380 1969 558 2007 humeros
590 1977 741 2007 nostros
768 1970 953 2008 invalidos
985 1983 1067 2007 esse
1100 1970 1211 2007 facile
1243 1970 1556 2020 intelligeremus,

107 2031 186 2068 sive
206 2036 352 2067 sumtus
373 2029 409 2066 in
431 2043 478 2068 eo
504 2031 659 2080 negotio
678 2031 892 2077 faciendus,
912 2031 990 2068 sive
1011 2031 1213 2068 difficultas
1235 2031 1270 2067 in
1292 2032 1473 2082 exemplo
1496 2046 1556 2071 re-

107 2091 395 2141 cognoscendo,
412 2098 450 2127 et
470 2091 742 2142 scripturarum
757 2093 1002 2130 varietatibus
1022 2092 1320 2137 considerandis,
1342 2105 1388 2130 ac
1405 2093 1554 2130 scholiis

107 2152 238 2189 ordine
258 2152 515 2202 disponendis,
547 2161 801 2203 spectaretur,
821 2154 1004 2191 auxilium
1034 2154 1081 2190 ab
1102 2153 1184 2190 aliis
1213 2154 1321 2191 nobis
1342 2155 1553 2204 petendum

108 2228 190 2252 esse
219 2213 529 2251 existimavimus.
587 2215 639 2251 Et
668 2216 770 2265 quod
800 2215 849 2252 ad
882 2223 1047 2252 sumtum
1080 2216 1233 2265 quidem
1267 2217 1413 2262 attinet,
1445 2218 1550 2257 hunc

106 2276 249 2313 nodum
270 2287 346 2311 non
367 2281 440 2311 tam
462 2275 551 2320 cito,
572 2289 698 2326 neque
718 2276 828 2313 facile
849 2276 1131 2327 expedivimus:
1161 2277 1281 2314 altera
1307 2286 1434 2316 autem
1457 2280 1551 2317 diffi-

105 2339 226 2377 cultas
247 2351 323 2375 non
351 2337 472 2374 multo
493 2338 612 2375 minor
631 2340 814 2376 restabat:
843 2352 917 2389 qua
934 2339 998 2389 qui
1017 2351 1084 2376 nos
1106 2338 1296 2384 libentius,
1315 2348 1381 2377 aut
1403 2341 1552 2379 facilius

106 2402 263 2445 levaret,
291 2413 405 2450 quam
425 2399 633 2451 Dionysius
653 2400 872 2445 Lambinus,
895 2401 1084 2438 literarum
1115 2413 1328 2450 graecarum
1358 2402 1551 2452 professor

108 2463 267 2512 Regius,
287 2475 362 2498 non
392 2461 623 2499 videbamus.
679 2462 816 2512 Itaque
846 2475 934 2499 cum
968 2462 1017 2498 ad
1047 2475 1131 2499 eum
1162 2462 1480 2512 confugissemus,
1500 2465 1549 2502 ab

107 2537 228 2574 coque
248 2522 523 2573 petivissemus,
544 2531 584 2559 ut
609 2523 717 2560 nobis
747 2530 855 2560 tanto
885 2522 989 2559 oneri
1008 2521 1168 2559 ferundo
1202 2522 1406 2572 imparibus
1437 2537 1548 2574 opem

106 2586 243 2622 ferret:
277 2585 338 2621 ille
359 2584 551 2628 continuo,
581 2597 650 2634 pro
681 2597 750 2621 sua
769 2597 861 2634 erga
887 2597 1016 2620 omnes
1046 2583 1293 2628 humanitate,
1315 2592 1354 2621 et
1381 2598 1448 2634 pro
1478 2600 1549 2622 suo

104 2647 141 2684 in
161 2646 289 2683 literas
309 2652 348 2682 et
365 2645 558 2681 literarum
585 2644 770 2682 studiosos
786 2657 926 2689 amore,
948 2645 996 2681 de
1017 2644 1151 2694 quibus
1173 2644 1270 2681 bene
1292 2646 1460 2682 merendi
1482 2659 1548 2683 ne-

105 2720 181 2757 que
209 2707 339 2753 finem,
368 2718 495 2756 neque
521 2706 675 2743 modum
707 2706 824 2744 ullum
855 2706 984 2744 facere
1013 2711 1152 2755 potest,
1183 2706 1350 2755 quamvis
1384 2714 1485 2743 esset
1510 2707 1547 2744 in

105 2769 185 2806 aliis
213 2769 340 2813 rebus,
368 2767 488 2818 iisque
514 2766 741 2804 difficillimis
769 2775 808 2804 et
830 2767 1032 2804 utilissimis
1055 2767 1108 2802 rci
1130 2766 1306 2803 literariae
1325 2766 1463 2804 futuris
1483 2780 1548 2805 oc-

105 2838 275 2880 cupatus,
296 2829 401 2866 nobis
431 2841 582 2879 operam
614 2841 719 2865 suam
751 2828 940 2878 pollicitus
961 2836 1017 2865 cst
1048 2836 1083 2864 ct
1115 2827 1339 2877 promissum
1371 2828 1546 2867 exsolvit.
