1824 3171
162 114 236 151 lxiv
574 116 898 155 HIERONYMI
930 116 1131 155 WOLFII

161 215 289 252 ctandi
316 215 473 254 libidine
493 229 672 268 superare
689 219 862 257 fateatur.
894 221 1085 258 Caeterum
1106 220 1190 257 lioec
1210 218 1334 269 qualia
1349 224 1387 256 et
1401 217 1592 267 quantula*

159 289 312 327 cunque
343 286 443 322 sunt,
478 290 552 316 non
585 287 661 316 tam
693 293 778 318 mea
806 281 924 326 vobis,
956 280 1172 331 amplissimi
1205 280 1284 324 viri,
1318 279 1446 323 offero,
1479 291 1591 328 quam

156 344 283 375 vestra
314 339 419 375 vobis
452 340 620 376 restituo.
678 341 878 390 Nunquam
910 343 1008 379 enim
1043 341 1167 378 conari
1198 353 1244 378 ea
1274 340 1492 390 potuissem,
1521 338 1590 376 nisi

156 405 281 434 vestra
305 399 528 448 benignitas,
550 407 727 450 tanquam
747 402 908 439 salutare
928 401 1117 451 quoddam
1137 402 1253 446 sidus,
1273 401 1362 438 mihi
1378 400 1589 438 affulsisset.

156 457 294 508 Neque
323 472 412 496 vero
441 460 499 497 vel
530 461 670 511 primus
698 462 812 510 hujus
841 463 964 513 operis
985 470 1176 512 patronus,
1197 463 1233 498 in
1255 465 1359 509 cujus
1378 461 1416 498 id
1436 461 1588 497 nomine

149 520 228 568 jam
250 521 399 557 tertium
420 522 605 571 apparuit,
634 523 691 559 vel
713 523 908 573 quisquam
930 524 1035 568 alius,
1064 523 1226 560 levitatis
1256 534 1411 571 arguere
1432 534 1493 558 me
1520 534 1588 571 po-

154 580 252 617 terit.
310 581 408 618 Nam
431 595 515 619 eum
537 583 597 619 ille
617 583 653 619 in
675 584 819 633 praedia
847 597 915 621 sua
935 597 975 620 se
998 591 1233 633 receptumS,
1256 596 1315 619 me
1334 581 1438 632 quasi
1458 594 1587 618 eman-

153 641 318 690 cipatum
336 655 355 678 c
372 642 524 686 familia,
541 651 674 681 vestrm
690 645 778 682 fidei
793 652 830 682 et
845 645 1060 682 liberalitati
1076 644 1336 689 commisisset,
1350 656 1426 680 una
1438 655 1587 680 mecum

151 702 264 739 etiarn
286 716 330 740 ea
359 704 463 741 vobis
492 705 656 749 tradidit,
680 719 765 755 quae
787 706 912 743 Musae
940 720 1035 743 meae
1063 707 1133 744 sub
1153 713 1281 743 vestro
1302 704 1511 755 patrocinio
1532 703 1587 740 ef-

149 762 342 801 fecissent.
400 765 553 803 Deinde
573 766 625 803 ita
644 767 768 816 prodit
789 768 1088 812 Demosthenes,
1109 767 1239 814 (modo
1259 779 1388 816 operae
1408 773 1589 816 typogra-

149 823 271 872 phicae
302 838 377 861 non
398 826 446 862 de
474 826 623 876 integro
644 827 891 865 deformarint
911 842 970 875 ea,
994 842 1078 878 quae
1099 842 1170 878 ego
1201 840 1345 865 summo
1370 828 1500 864 labore
1521 838 1585 863 ex-

147 885 274 933 polivi.
296 885 409 934 longe
429 899 450 923 a
470 887 574 936 prelo
600 889 745 932 absum,
774 896 813 925 et
844 889 934 925 alias
964 889 1055 925 alios
1080 889 1232 926 codices
1252 896 1289 925 et
1308 889 1456 926 chartas
1482 896 1585 937 typo-

146 945 293 994 grapho
314 946 409 992 misi)
429 947 479 983 sic
508 948 633 996 igitur,
664 948 815 998 inquam
843 949 963 998 (quod
996 949 1148 998 quidem
1178 948 1217 985 in
1244 961 1304 985 me
1323 948 1413 994 fuit)
1433 960 1474 984 se
1504 959 1585 997 spe-

146 1005 325 1042 ctandum
342 1006 625 1045 Demosthenes
645 1021 730 1045 cum
751 1022 826 1046 non
845 1009 1085 1060 aspernando
1102 1009 1283 1046 comitatu
1303 1008 1463 1058 praebet,

285 1111 376 1136 JAM
399 1112 567 1137 POSITIS
589 1113 726 1140 NOVUS
748 1115 926 1140 EXUVIIS
949 1114 1219 1143 NITIDUSQUE
1240 1113 1458 1147 JUVENTA,

143 1189 182 1220 et
200 1189 254 1220 tot
274 1191 406 1222 auctus
426 1186 717 1232 accessionibus,
738 1195 780 1225 ut
799 1189 961 1225 eundem
983 1201 1065 1225 esse
1084 1188 1146 1224 vix
1168 1187 1363 1238 quisquam
1384 1193 1578 1235 agnoscat.

143 1243 232 1280 Hoc
256 1245 409 1294 quidem
436 1246 621 1284 affirmare
649 1248 779 1293 ausim,
800 1250 941 1298 majore
964 1249 1134 1286 molestia
1152 1261 1249 1298 pene
1270 1248 1378 1285 unius
1399 1247 1577 1284 orationis

140 1306 438 1354 recognitionem
476 1308 566 1344 mihi
599 1309 827 1357 constitisse,
863 1323 974 1359 quam
1011 1318 1124 1347 totam
1160 1309 1317 1360 primam
1352 1309 1576 1359 interpreta-

138 1364 278 1402 tionem
295 1379 302 1403 :
323 1367 414 1412 sive,
436 1376 501 1405 aut
514 1372 592 1416 Jam
612 1383 764 1419 urgens,
786 1377 851 1407 aut
873 1379 978 1408 certe
997 1371 1205 1408 adventans
1224 1377 1416 1414 senectus,
1436 1369 1575 1406 laboris

138 1438 252 1463 sensu
269 1440 371 1466 nunc
391 1429 511 1479 magis
532 1430 701 1476 afficitur,
722 1444 833 1481 quem
854 1439 931 1468 tum
947 1433 1160 1480 juventutis
1178 1432 1285 1481 vigor
1303 1431 1474 1468 levabat:
1495 1431 1574 1467 sive

135 1486 239 1523 aliud
258 1495 330 1530 est,
352 1489 530 1539 quicquid
549 1490 587 1526 in
616 1500 782 1529 mentem
802 1493 990 1538 inciderit,
1011 1500 1105 1530 aestu
1131 1493 1296 1543 quodam
1323 1492 1434 1529 animi
1455 1491 1575 1529 effun-

137 1547 252 1585 dere:
281 1549 396 1594 aliud,
417 1551 585 1589 scribere
614 1553 808 1599 meditata,
838 1561 876 1591 et
893 1554 1041 1604 singula
1059 1567 1157 1604 pene
1176 1554 1293 1591 verba
1311 1554 1415 1603 quasi
1435 1560 1576 1591 statera

135 1608 298 1646 aurificis
328 1611 542 1660 expendere
572 1620 688 1662 atque
718 1614 945 1652 examinare.
1002 1615 1140 1664 Neque
1168 1621 1296 1651 tamen
1324 1614 1443 1664 (quod
1471 1627 1571 1664 saepe

133 1675 290 1707 testatus
307 1684 402 1718 sum,
424 1680 463 1709 et
480 1686 580 1711 nunc
596 1681 785 1724 postremo
812 1683 993 1713 testatum
1013 1689 1096 1713 esse
1117 1676 1218 1722 volo)
1239 1675 1570 1712 Demosthenicam

133 1731 390 1780 eloquentiam
418 1735 646 1784 expressisse
678 1749 740 1773 me
768 1737 933 1779 confido,
964 1737 1027 1787 qui
1055 1745 1093 1774 et
1122 1736 1326 1774 autoritate
1354 1749 1423 1773 sua
1449 1743 1567 1779 caret,

133 1793 234 1841 (quae
253 1800 433 1843 quantum
463 1795 500 1831 in
521 1795 685 1834 dicendo
714 1797 851 1842 valeat,
872 1798 954 1848 quis
983 1798 1141 1846 nesciffl)
1170 1810 1293 1848 neque
1314 1797 1497 1834 Lectores
1517 1796 1570 1833 ita

131 1860 297 1892 attentos
330 1856 473 1894 habere
503 1864 641 1908 potest,
678 1858 742 1909 qui
776 1872 845 1896 sua
873 1859 965 1896 nihil
998 1859 1181 1896 interesse
1211 1866 1368 1896 censent
1396 1871 1454 1903 ea,
1483 1871 1568 1908 quae

128 1915 272 1965 scripta
288 1924 384 1960 sunt,
405 1925 447 1955 ut
471 1918 623 1956 fuerunt
644 1920 848 1965 auditores,
870 1934 1031 1971 quorum
1050 1928 1088 1958 et
1107 1921 1272 1970 dignitas
1292 1927 1330 1957 et
1347 1920 1447 1957 salus
1476 1932 1567 1968 age-

128 1976 258 2014 batur:
289 1978 502 2016 elocutione
522 1980 611 2017 item
633 1988 671 2018 et
700 1982 851 2019 actione
873 1982 1087 2019 destituitur
1106 1982 1182 2028 (cui
1212 1989 1251 2018 et
1280 1981 1416 2031 primas
1435 1980 1497 2017 ille
1527 1988 1567 2017 et

126 2039 316 2076 secundas
336 2047 374 2076 et
394 2041 522 2078 tertias
539 2041 659 2089 dedit)
678 2043 747 2079 sed
767 2043 1022 2080 inventionem
1043 2050 1082 2080 et
1103 2042 1394 2080 collocationem
1413 2049 1489 2079 tam
1509 2055 1565 2080 re·

126 2111 221 2142 rum,
244 2113 357 2148 quam
379 2102 579 2139 verborum
595 2104 827 2153 appendere,
847 2104 924 2141 fide
944 2104 1097 2154 optima,
1115 2111 1154 2141 et
1169 2103 1371 2154 perspicuo
1389 2115 1563 2152 puroque

127 2160 305 2197 orationis
326 2174 466 2210 genere
487 2172 768 2213 repraesentare‚
791 2178 872 2201 sum
899 2173 1069 2202 conatus.
1125 2166 1222 2206 Quae
1255 2171 1294 2200 et
1318 2164 1401 2214 ipsa
1429 2163 1464 2200 in
1494 2176 1563 2200 sua

124 2221 250 2258 nativa
268 2221 400 2272 lingua
419 2222 536 2259 multo
557 2231 644 2260 sunt
664 2231 703 2261 et
722 2225 841 2274 magis
861 2225 1024 2275 propria,
1047 2233 1086 2262 et
1111 2224 1416 2274 significantiora,
1437 2233 1475 2261 et
1499 2227 1561 2274 ju-

124 2281 321 2326 cundiora,
343 2290 381 2319 et
410 2283 632 2320 illustriora:
664 2297 784 2334 eaque
805 2285 853 2322 de
874 2298 991 2322 causa
1012 2285 1315 2335 interpretationi
1334 2297 1430 2322 meae
1451 2285 1561 2322 Grue-

123 2355 208 2380 cum
230 2344 466 2394 archetypon
487 2352 544 2382 est
563 2345 748 2391 additum,
764 2359 839 2396 quo
854 2346 966 2395 hujus
980 2347 1224 2384 ornatissimae
1237 2353 1276 2383 et
1291 2346 1559 2396 copiosissimae

120 2403 260 2453 linguae
279 2405 339 2442 vel
359 2405 468 2455 periti
489 2407 546 2443 vel
566 2407 721 2444 studiosi
742 2407 925 2446 fruantur.
983 2408 1068 2446 Nec
1089 2415 1216 2445 tamen
1235 2407 1328 2444 illud
1353 2407 1474 2458 ipsum
1495 2407 1559 2457 qui

119 2464 262 2514 legent,
279 2466 330 2503 ita
349 2467 517 2504 miraturi
531 2475 618 2505 sunt
632 2468 947 2513 Demosthenem,
966 2469 1019 2520 (id
1041 2469 1143 2519 quod
1165 2468 1375 2513 AEschines,
1396 2469 1555 2506 aemulus

119 2533 158 2563 et
183 2527 418 2565 adversarius
439 2532 517 2577 eJus
540 2529 678 2566 dixisse
698 2529 832 2579 fertur)
861 2537 902 2567 ut
928 2530 956 2567 si
987 2531 1110 2581 ipsum
1138 2530 1345 2567 audissent.
1401 2530 1553 2571 Quanto

119 2586 191 2623 alia
210 2600 270 2623 res
288 2587 373 2633 fuit,
386 2601 469 2625 cum
492 2589 550 2626 M.
565 2589 711 2626 Tullius
729 2590 885 2634 Consul,
901 2597 1140 2641 purpuratus,
1161 2590 1196 2626 in
1218 2590 1312 2628 sella
1329 2589 1448 2626 curuli
1466 2602 1551 2626 cum

117 2651 316 2695 majestate
335 2649 516 2693 assidens,
537 2650 584 2687 ab
614 2651 787 2688 omnibus
815 2651 922 2688 bonis
950 2658 1056 2701 pater
1083 2651 1226 2701 patriae,
1255 2659 1294 2688 et
1322 2649 1428 2701 quasi
1457 2649 1553 2686 alter

117 2708 220 2745 urbis
239 2709 412 2747 conditor
440 2710 605 2756 habitus,
625 2711 905 2750 solicitudinem
924 2711 971 2750 de
991 2712 1186 2762 republica
1205 2724 1401 2755 summam,
1423 2711 1550 2748 salutis

116 2782 206 2807 vero
220 2783 298 2806 suae
317 2783 435 2820 prope
455 2771 674 2821 neglectum
696 2785 774 2823 prae
794 2787 834 2811 se
855 2774 994 2817 ferens,
1014 2773 1050 2810 in
1071 2785 1217 2810 summo
1237 2772 1336 2809 orbis
1362 2780 1547 2808 terrarum

114 2831 277 2869 concilio
296 2832 372 2880 (qui
394 2845 468 2869 non
491 2840 565 2870 tam
587 2842 817 2880 senatorum,
839 2848 949 2884 quam
978 2847 1108 2883 regum
1128 2846 1326 2871 consessus
1347 2833 1464 2870 videri
1486 2846 1549 2882 po-
