1824 3171
154 101 299 138 xxxviii
588 105 920 145 HIERONYMI
949 106 1151 145 WOLFII

153 202 247 239 virili
275 203 559 243 elaborandum.
617 208 660 245 Id
682 209 785 259 quod
806 209 842 246 in
863 209 965 247 hunc
993 222 1113 260 usque
1137 208 1240 247 diem
1266 209 1394 247 facere
1422 220 1500 246 non
1527 208 1597 245 de-

153 264 258 308 sisto,
273 267 416 316 majore
436 268 587 304 omnino
607 271 867 315 contentione,
888 270 932 322 (si
952 271 1044 321 quid
1063 270 1271 309 amicorum
1291 267 1598 321 reprehensioni-

153 325 224 362 bus
252 327 486 365 credendum
514 330 587 376 est)
606 343 718 380 quarn
737 331 836 368 vires
864 345 910 369 ac
930 332 1111 369 valetudo
1130 344 1214 369 mea
1231 331 1439 382 patiuntur.
1495 330 1594 368 Cum

152 387 252 424 enim
279 388 443 426 docendi
473 391 667 440 provincia
698 406 758 430 me
787 393 872 444 plus
904 394 995 432 satis
1025 401 1221 438 exerceat,
1250 392 1432 443 quicquid
1459 391 1595 442 reliqui

151 449 332 498 temporis
351 449 474 496 datur,
495 451 533 488 id
553 451 780 498 universum,
801 467 901 504 saepe
922 454 1036 504 genio
1055 454 1297 498 defraudato,
1318 452 1497 503 legendo,
1516 464 1595 489 me-

151 508 325 557 ditando,
353 511 555 549 scribendo
585 526 780 551 consumo.
835 514 948 556 Quod
967 528 1034 552 cur
1053 514 1204 559 faciam,
1235 514 1266 551 si
1284 514 1369 564 quis
1387 526 1448 552 me
1468 520 1594 563 rogat,

149 570 341 608 verissime
360 573 588 623 respondeo,
608 587 670 612 nie
697 575 779 613 sine
798 588 936 625 magna
951 575 1064 612 animi
1080 575 1253 613 molestia
1268 588 1344 612 non
1358 574 1470 612 aliter
1482 586 1594 624 posse

149 631 301 668 facere:
333 632 412 670 sive
432 634 519 684 quia
538 635 593 672 sic
612 635 771 680 assuevi,
793 643 832 672 et
860 643 972 673 natus
1000 636 1161 674 fortasse
1192 636 1242 674 ad
1271 647 1458 673 aerumnas
1485 647 1595 678 sum;

147 692 225 729 sive
247 694 350 743 quod
369 697 425 741 (ut
444 695 586 732 Plinius
607 696 736 734 dicere
755 697 918 744 solebat)
938 710 1049 735 omne
1076 705 1229 748 tempus
1253 697 1374 748 perire
1404 695 1593 740 existimo,

145 753 249 803 quod
268 755 401 792 studiis
421 769 496 793 non
513 756 769 807 impendatur.
815 759 878 796 Ac
896 759 1103 809 potuissem
1125 758 1293 809 quidem,
1319 765 1358 795 et
1377 756 1480 794 haud
1498 755 1593 800 scio,

145 826 194 850 an
215 814 429 853 debuissem
459 817 585 862 etiam,
616 818 714 855 hanc
744 819 985 857 sedulitatem
1013 819 1051 856 in
1081 819 1155 857 alio
1181 820 1269 857 vitae
1289 830 1432 869 genere
1452 829 1592 855 consu-

145 888 263 921 mere,
282 878 385 926 quod
404 878 490 927 plus
515 886 554 915 et
579 878 723 916 fructus
742 879 914 925 haberet,
934 887 973 917 et
993 880 1200 930 dignitatis.
1258 880 1337 917 Sed
1354 879 1444 929 quia
1461 890 1589 915 serum

143 943 202 973 est
220 944 308 986 post
326 937 430 975 facta
456 938 667 983 consilium,
691 940 879 990 Spartam,
899 954 984 991 quae
1003 941 1095 977 mihi
1115 940 1263 991 obtigit,
1283 952 1416 977 ornare
1435 939 1589 978 studeo.

144 997 262 1034 Anno
280 997 394 1047 igitur
413 999 604 1050 superiore
621 1000 829 1039 Isocratem
846 1001 882 1038 in
898 1002 1092 1052 publicum
1112 1002 1214 1040 edidi
1229 1015 1252 1040 a
1267 1014 1328 1039 me
1347 1013 1588 1046 conversum,

141 1058 205 1108 qui
221 1059 290 1096 etsi
304 1068 461 1110 propter
475 1062 728 1099 necessariam
744 1063 1025 1101 festinationem
1044 1071 1083 1101 et
1099 1063 1191 1101 alias
1206 1062 1590 1112 incommodationes‚

140 1133 217 1157 non
237 1121 291 1158 sic
313 1122 505 1159 emendari
524 1123 659 1173 potuit,
681 1131 723 1161 ut
743 1125 803 1162 vel
824 1125 914 1161 mihi
935 1125 1076 1176 ubique
1103 1124 1364 1162 satisfaceret:
1394 1136 1441 1161 ea
1458 1131 1587 1161 tamen

140 1181 369 1220 liberalitate
407 1183 629 1234 amplissimi
663 1192 702 1222 et
740 1185 1021 1235 prudentissimi
1057 1186 1222 1224 Senatus
1257 1184 1591 1234 Norimbergensis

139 1246 264 1292 (quus
283 1244 502 1283 honorificis
524 1245 573 1282 de
593 1258 652 1283 me
664 1246 819 1296 judiciis
839 1259 914 1284 non
933 1247 1056 1285 minus
1077 1247 1215 1293 debeo,
1230 1259 1345 1298 quam
1360 1245 1586 1285 munificen-

139 1304 216 1349 tiae,
243 1318 287 1343 ac
315 1318 464 1356 semper
484 1307 650 1355 debebo)
673 1321 719 1345 eo
737 1308 906 1346 candore
926 1309 1125 1346 doctorum
1153 1317 1212 1347 est
1241 1315 1442 1359 exceptus,
1462 1315 1504 1344 ut
1522 1320 1587 1344 me

138 1379 215 1403 non
236 1367 323 1404 ideo
350 1367 534 1418 poenitere
555 1368 696 1406 debeat
715 1369 812 1406 illius
833 1369 1119 1417 lucubrationis,
1140 1383 1252 1421 quam
1273 1382 1373 1406 nunc
1392 1367 1588 1406 succisivis

138 1427 239 1466 horis
258 1429 438 1467 secundae
464 1430 619 1467 editioni
646 1430 831 1468 adornare
861 1444 991 1477 conor,
1009 1439 1051 1469 ut
1070 1439 1258 1469 tantorum
1273 1431 1433 1468 virorum
1455 1430 1585 1467 favore

138 1496 177 1526 et
198 1489 432 1527 eruditorum
453 1490 727 1541 approbatione
744 1491 892 1541 dignior
911 1493 1109 1543 aliquanto
1126 1492 1313 1530 videatur.
1366 1492 1413 1529 In
1427 1504 1503 1542 quo
1522 1504 1587 1528 au-

135 1556 219 1587 tore
235 1563 322 1588 cum
341 1551 568 1602 tyrocinium
584 1565 661 1589 non
677 1553 915 1604 inauspicato
928 1553 1120 1599 fecissem,
1135 1566 1182 1591 ac
1197 1555 1319 1603 majus
1339 1565 1431 1603 opus
1451 1565 1585 1602 aggre-

136 1611 264 1649 diendi
285 1619 433 1662 tempus
454 1626 536 1650 esse
552 1613 756 1660 videretur,
778 1628 854 1652 non
875 1628 1110 1666 magnopere
1128 1628 1211 1653 sum
1231 1615 1452 1652 adversatus
1467 1614 1584 1651 Ioan-

135 1673 192 1710 nis
214 1672 387 1724 Oporini,
403 1673 606 1712 doctissimi
625 1674 706 1720 viri,
726 1675 891 1726 mihique
917 1677 1145 1722 amicissimi,
1167 1676 1325 1726 judicio,
1351 1675 1414 1726 qui
1434 1675 1583 1714 Demo-

134 1735 310 1772 sthenem
328 1735 484 1772 latinum
494 1738 574 1784 jam
594 1736 722 1774 multis
742 1738 849 1775 annis
867 1751 889 1774 a
904 1738 1080 1776 studiosis
1097 1737 1260 1788 flagitari
1277 1737 1484 1775 indicabat.
1541 1739 1580 1775 A

133 1809 211 1846 quo
230 1809 343 1846 opere
365 1809 411 1834 eo
437 1797 559 1834 minus
580 1798 843 1844 abhorrebam,
863 1799 966 1849 qnod
989 1800 1218 1850 jampridem
1240 1798 1407 1847 ejusdem
1437 1798 1581 1837 autoris

132 1870 209 1894 non
229 1857 341 1894 modo
360 1858 542 1908 quasdam
563 1859 752 1897 orationes
780 1860 921 1910 ingenii
939 1861 1149 1898 exercendi
1164 1860 1285 1911 gratIa
1304 1867 1580 1906 converteram,

132 1919 201 1956 sed
213 1926 253 1957 et
272 1919 485 1958 locutiones
503 1920 624 1958 minus
637 1922 890 1972 pervulgatas,
911 1929 950 1960 et
968 1922 1174 1960 sententias
1193 1935 1324 1960 omnes
1341 1922 1579 1972 insigniores,

129 1979 169 2016 in
188 1980 379 2031 peculiare
398 1981 575 2019 volumen
604 1983 862 2022 contuleram:
892 1990 930 2022 et
959 1984 1179 2022 assiduitate
1208 1983 1417 2034 diligentiae
1442 1983 1581 2030 fretus,

130 2054 192 2079 me
208 2054 346 2079 navare
367 2042 508 2092 aliquid
523 2050 640 2094 atque
660 2044 810 2082 efficere
826 2058 938 2096 posse
954 2046 1166 2097 sperabam,
1182 2046 1285 2096 quod
1305 2045 1395 2083 boni
1414 2053 1454 2083 et
1473 2046 1580 2084 docti

128 2102 196 2138 viri
213 2103 457 2153 approbaturi
478 2112 616 2142 essent.
655 2105 792 2156 Neque
809 2113 940 2144 tamen
954 2119 1031 2144 non
1046 2107 1291 2158 providebam
1306 2106 1578 2144 malevolorum

128 2176 278 2213 quoque
297 2164 518 2210 calumnias,
539 2173 579 2203 et
603 2166 818 2216 importuna
842 2167 1043 2205 sciolorum
1059 2168 1220 2217 judicia,
1240 2180 1327 2218 quae
1344 2174 1421 2205 tam
1442 2168 1576 2215 multa,

128 2232 207 2261 tarn
222 2224 336 2269 variar,
355 2230 429 2262 tam
451 2225 548 2263 inter
566 2239 607 2263 se
628 2226 885 2278 discrepantia
905 2227 1007 2273 sunt,
1025 2235 1066 2265 ut
1086 2241 1131 2265 ea
1150 2229 1326 2279 persequi
1346 2236 1385 2266 et
1405 2229 1576 2268 refutare

126 2286 175 2323 sit
190 2286 389 2323 infinitum.
427 2286 646 2325 Delibanda
660 2295 789 2325 tamen
804 2301 929 2339 pauca
944 2289 1034 2326 mihi
1053 2297 1154 2334 sunt,
1169 2297 1210 2327 ut
1228 2290 1303 2328 mei
1321 2290 1411 2327 mihi
1427 2291 1575 2329 consilii

126 2346 222 2385 ratio
237 2347 418 2384 nonnulla
433 2347 646 2386 constitisse
661 2348 844 2387 videatur.
866 2351 929 2388 Ac
941 2350 1102 2401 primum
1120 2363 1252 2388 eorum
1267 2351 1496 2398 sollicitudo,
1510 2353 1573 2404 qui

124 2415 313 2454 metuunt,
328 2421 376 2446 ne
396 2409 660 2447 adolescentes
678 2411 988 2449 conversionibus
1006 2411 1107 2457 freti,
1125 2424 1272 2462 graecas
1290 2413 1437 2451 litteras
1454 2414 1575 2464 negli-

126 2483 218 2521 gere
232 2470 426 2521 incipiant,
441 2471 493 2508 ita
508 2472 597 2508 mihi
613 2472 761 2509 videtur
774 2472 907 2519 inanis,
921 2480 964 2510 ut
979 2474 1168 2512 studiosos
1184 2475 1447 2514 adolescentes
1466 2477 1572 2515 nulla

126 2532 270 2573 ratione
290 2532 410 2582 magis
430 2532 572 2570 incitari
592 2546 702 2584 posse
722 2534 771 2571 ad
786 2547 928 2585 graecas
948 2535 1094 2573 litteras
1114 2536 1317 2573 discendas
1338 2537 1570 2589 existimem,

123 2606 238 2644 quam
265 2593 294 2630 si
315 2593 560 2644 prospiciant,
576 2608 616 2632 se
637 2595 806 2632 fidelium
831 2596 1080 2647 interpretum
1102 2597 1258 2642 auxilio,
1271 2598 1376 2647 quasi
1391 2611 1571 2649 compen-

124 2654 243 2692 diaria
255 2654 327 2699 via,
350 2656 430 2692 sine
444 2656 591 2706 magnis
611 2656 793 2694 molestiis
814 2664 853 2695 et
865 2656 1146 2695 difficultatibus
1162 2657 1209 2696 ad
1222 2658 1514 2708 elegantissimae
1530 2667 1570 2698 et

122 2715 385 2753 eruditissimae
404 2716 542 2766 linguar¹
556 2717 864 2766 jucundissimam
880 2718 989 2755 simul
1008 2726 1047 2756 et
1063 2719 1294 2757 utilissimam
1313 2720 1568 2770 cognitionem

124 2784 386 2827 perventuros.
442 2779 548 2819 Quos
571 2779 669 2816 enim
699 2779 800 2830 prius
821 2780 978 2817 fortasse
1005 2792 1078 2818 nec
1108 2793 1130 2818 a
1154 2782 1463 2832 praeceptoribus,
1493 2795 1566 2821 nec

125 2839 233 2889 copia
258 2838 435 2876 librorum
455 2839 543 2878 satis
569 2840 788 2887 instructos,
810 2841 1024 2892 dcsperafio
1053 2842 1282 2888 retardabat,
1311 2842 1334 2880 ii
1354 2842 1493 2882 fiducia
1511 2844 1568 2882 in-
