1824 3171
487 191 549 232 IN
583 189 735 232 DEM.
769 187 984 229 ORATT.
1018 187 1276 230 OLYNTH.
1587 190 1612 228 5

148 299 291 338 deinde
309 298 401 337 illud
419 297 455 335 in
473 295 798 346 disceptationem
819 293 938 340 cadit,
959 306 1038 344 quo
1058 294 1196 331 ordine
1219 294 1278 330 hae
1299 293 1502 331 videantur
1523 306 1613 331 ora-

148 362 273 399 tiones
294 361 409 398 dictae
429 372 523 397 esse.
581 358 635 395 Ut
655 356 704 394 de
724 357 804 401 illo,
832 355 940 406 quod
961 355 1086 406 primo
1107 355 1193 392 loco
1212 354 1425 404 posuimus,
1445 355 1611 393 dissera-

149 436 245 469 muS,
268 428 359 460 sunt
387 423 468 472 qui,
493 425 690 471 praeeunte
717 418 938 456 Philochor.
969 418 993 455 l.
1020 418 1044 456 l.
1068 421 1254 462 statuant,
1276 422 1336 453 ter
1362 416 1524 466 legatos,
1545 430 1614 454 ne-

150 485 328 521 cessitate
358 488 532 533 urgente,
566 482 617 519 ab
653 479 853 532 Olynthiis
883 479 1058 517 Athenas
1090 492 1173 517 esse
1207 477 1356 524 missos,
1390 477 1521 527 itaque
1556 483 1616 515 ter

149 545 253 596 apud
282 545 386 583 cives
420 546 629 582 Oratorem
660 543 797 593 egisse.
826 543 982 581 Jacobs.
1006 555 1046 592 p.
1068 545 1159 580 215.
1181 542 1290 591 se'qq.
1335 542 1389 577 At
1417 540 1504 590 quis
1537 552 1614 576 non

150 606 318 651 miretur,
340 606 455 655 hujus
481 606 548 652 rei,
571 619 648 656 qua
676 607 777 644 bene
800 604 854 642 uti
877 604 1069 655 potuisset
1090 605 1236 643 Orator
1257 602 1306 640 ad
1336 602 1537 652 segnitiem
1560 601 1614 639 ci-

149 669 251 706 vium
269 669 539 718 instigandam,
557 668 701 706 nullam
719 667 834 705 inseri
851 667 1086 705 mentionem
1103 666 1119 703 ‘3
1157 667 1300 716 Neque
1322 665 1438 703 etiam
1459 665 1535 702 alio
1556 664 1616 701 lo-

150 744 211 777 co,
233 737 419 781 quantum
442 731 536 782 scio,
566 729 727 781 triplicis
753 729 958 779 legationis
978 729 1163 767 memoria
1185 734 1325 766 exstat.
1385 727 1492 765 Idem
1521 726 1613 764 Phi-

148 793 297 830 lochor.
331 799 473 839 narrat,
503 793 760 831 Athenienses
795 799 854 831 ter
886 792 1032 830 misisse
1063 790 1259 842 praesidia,
1289 802 1452 840 quorum
1482 787 1616 839 primis

150 854 308 900 Chares,
338 855 470 893 alteris
503 855 773 901 Charidemus,
807 854 930 894 tertiis
965 854 1065 893 idem
1106 853 1169 891 ille
1201 852 1349 891 Chares
1381 851 1617 903 praefuisset,

151 930 266 966 quem
288 929 411 967 nuper
438 931 497 954 res
518 917 684 968 pessime
715 923 910 968 gerentem
938 916 1090 968 experti
1117 921 1250 961 erant;
1281 926 1504 965 quanquam
1533 913 1617 963 ipse

152 977 336 1015 Libanius
359 977 396 1015 in
420 979 580 1028 Argum.
603 979 766 1030 Olynth.
788 980 864 1017 HI.
879 980 967 1027 (ΙΙ.)
987 979 1110 1017 dicit:
1142 977 1316 1030 ἔπεμψαν
1336 976 1519 1025 βοήθειαν
1539 979 1617 1017 τοῖς

150 1038 367 1082 Ὀλυνθίοις
387 1041 421 1077 οἷ
439 1042 633 1086 Ἀθηναῖοι
653 1044 713 1078 καί
734 1058 767 1079 τι
798 1044 998 1092 κατορθοῦν
1028 1040 1156 1087 ἔδοξαν
1185 1040 1227 1077 δι’
1257 1042 1386 1085 αὐτῆς,
1417 1044 1545 1076 tamen
1577 1036 1614 1072 in

151 1099 233 1149 ipsa
260 1101 434 1139 oratione
464 1116 508 1140 ea
529 1116 586 1140 me
608 1103 737 1140 adhuc
759 1104 892 1149 latent,
914 1103 1057 1154 quibus
1080 1103 1153 1139 ista
1174 1101 1363 1139 sententia
1384 1099 1614 1138 stabiliatur.

152 1162 289 1205 Quid?
319 1163 425 1212 quod
459 1165 571 1202 Dem.
604 1164 644 1201 d.
671 1164 761 1202 fals.
792 1165 867 1215 leg.
897 1169 928 1211 ξ.
947 1167 995 1203 οέ.
1025 1163 1146 1202 dicit:
1175 1167 1319 1214 μυρίοις
1345 1162 1379 1199 δὲ
1412 1163 1527 1207 ξένοις
1559 1160 1619 1195 καὶ

149 1226 311 1273 τριήρεσι
327 1226 553 1269 πεντήκοντα
573 1226 676 1277 ὑμῶν
694 1225 971 1273 βοηθησάντων
992 1228 1117 1268 αὐτοῖς
1139 1227 1196 1262 καὶ
1217 1223 1268 1262 ἔτι
1288 1230 1360 1262 τῶν
1380 1226 1545 1261 πολιτῶν
1560 1236 1617 1258 τε-

146 1288 439 1336 τρακισχιλίοις,
474 1287 581 1325 οὒδὲν
610 1288 746 1330 αὐτοὺς
773 1288 908 1326 τούτων
933 1286 1097 1334 ἠδυνήθη
1127 1293 1268 1330 micam
1301 1284 1367 1323 sed
1399 1284 1448 1322 de
1469 1281 1622 1320 auxiliis

151 1344 282 1383 denuo
307 1347 432 1385 missis
466 1348 572 1387 nulla
599 1348 645 1388 fit
677 1350 836 1394 mentio,
865 1349 979 1398 cujus
1001 1349 1088 1399 quis
1109 1354 1225 1398 neget
1246 1348 1310 1385 hic
1332 1343 1618 1396 opportunissi-

153 1420 256 1445 mum
279 1407 396 1446 fuisse
417 1409 549 1448 locum
567 1413 583 1450 ‘Z
638 1412 808 1448 Omnino
827 1410 921 1459 ipsae
940 1411 1001 1445 hae
1023 1411 1217 1447 orationes
1239 1422 1315 1446 non
1336 1409 1389 1446 ita
1406 1413 1496 1444 sunt
1517 1419 1621 1444 com-

153 1474 312 1519 paratae,
332 1475 373 1506 ut
394 1482 470 1506 una
490 1469 649 1506 alteram
673 1469 853 1518 excipere
875 1474 914 1505 et
933 1481 1007 1505 nna
1026 1482 1072 1504 ex
1094 1469 1213 1505 altera
1233 1467 1414 1517 profecta
1432 1466 1620 1511 videatur,

155 1544 286 1568 verum
308 1543 378 1568 suo
394 1530 541 1580 quaevis
563 1531 681 1567 modo
703 1530 851 1567 animos
870 1542 918 1566 eo
938 1528 1133 1566 deducere
1154 1528 1286 1575 debet,
1305 1534 1348 1565 ut
1367 1542 1481 1578 quam
1499 1528 1620 1565 celer—

157 1592 253 1629 rime
283 1605 396 1642 opem
421 1591 522 1628 cives
544 1590 693 1635 fe1·ant;
725 1591 791 1629 sed
816 1604 895 1641 quo
916 1591 1080 1629 ordine?
1111 1590 1185 1628 hoc
1208 1590 1333 1640 ipsum
1364 1596 1437 1635 est,
1468 1590 1517 1628 de
1540 1603 1619 1640 quo

156 1652 286 1692 adhuc
306 1665 432 1702 pauca
452 1651 594 1689 dicturi
618 1664 761 1689 sumus.
794 1651 985 1697 Vidimus,
1001 1652 1100 1689 hanc
1121 1665 1204 1689 esse
1225 1651 1374 1689 illarum
1397 1651 1619 1689 orationum

157 1713 341 1760 indolem,
365 1718 419 1760 ut,
434 1727 522 1764 quae
540 1713 589 1751 sit
607 1713 747 1764 primo,
770 1727 859 1763 quae
876 1714 1061 1759 secundo,
1079 1726 1167 1764 quae
1186 1713 1301 1751 tertio
1320 1714 1407 1751 loco
1425 1713 1622 1764 ponenda,

155 1789 202 1813 ex
222 1776 316 1828 ipsis
336 1776 397 1813 vix
417 1775 557 1826 dispici
578 1775 716 1826 possit.
774 1777 906 1820 Quare
927 1776 1020 1827 quid
1042 1776 1232 1826 reliquum
1255 1782 1329 1821 est,
1354 1789 1471 1826 quam
1492 1782 1534 1813 ut
1561 1789 1622 1813 ra-

155 1839 300 1877 tionem
320 1840 513 1890 vulgatam
537 1839 772 1889 sequamur?
826 1840 950 1890 Atqui
978 1840 1028 1878 ab
1056 1840 1129 1878 hac
1150 1839 1331 1877 dissentit
1351 1839 1517 1890 Dionys.
1539 1839 1622 1877 Ha-

155 1900 218 1938 lic.
241 1901 278 1937 in
299 1914 362 1952 ep.
383 1900 433 1938 ad
457 1903 583 1938 Amm.
605 1915 641 1938 c.
663 1905 701 1939 4.
724 1901 839 1939 Tom.
863 1902 933 1940 VI.
962 1906 1055 1942 725.
1089 1902 1152 1948 R„
1183 1901 1248 1951 qui
1284 1901 1494 1939 secundam
1528 1900 1623 1938 facit

157 1962 338 2012 primam,
361 1962 511 2000 tertiam
547 1963 771 2010 secundam,
800 1970 838 2001 et
868 1963 1030 2014 primam
1059 1964 1238 2007 tertiam;
1269 1976 1396 2014 neque
1417 1963 1467 2000 de
1488 1962 1564 2000 fide
1582 1968 1623 2000 et

158 2024 392 2062 auctoritate
430 2023 546 2074 hujus
586 2025 784 2076 scriptoris
819 2026 1077 2076 derogaverit,
1112 2026 1179 2076 qui
1212 2025 1445 2076 perpendat,
1482 2024 1622 2062 eodem

158 2086 258 2124 duce
290 2086 548 2137 philippicam
576 2086 754 2136 primam,
788 2100 876 2137 quae
905 2088 1020 2137 vulgo
1052 2093 1143 2137 post
1171 2087 1428 2137 Olynthiacas
1452 2087 1624 2138 ponitur,

159 2153 249 2186 ante
280 2149 349 2186 has
381 2147 591 2187 collocari:
622 2162 710 2198 quae
740 2149 898 2199 quidem
926 2162 986 2187 res
1018 2155 1056 2187 et
1081 2150 1166 2200 ipsa
1196 2149 1372 2186 oratione
1395 2155 1435 2186 et
1464 2149 1623 2187 historia

158 2211 450 2260 comprobatur.
506 2211 591 2248 Jam
626 2210 761 2260 quidni
798 2210 1013 2256 credamus,
1040 2210 1147 2247 illum
1179 2210 1292 2248 etiam
1325 2211 1393 2247 has
1427 2210 1623 2251 orationes

160 2279 264 2311 recte
282 2273 554 2324 disposuisse?
613 2273 819 2311 Consentit
837 2273 1075 2312 Tourrellus.
1113 2272 1133 2293 ἦ
1153 2272 1173 2295 ³²
1194 2273 1214 2292 *
1244 2273 1399 2311 Possint
1420 2286 1510 2311 sane
1533 2287 1623 2312 vera

159 2335 293 2382 videri,
312 2349 400 2386 quae
424 2336 614 2374 Lucches.
630 2336 742 2373 affert
756 2335 805 2373 ad
823 2336 1016 2386 vulgatam
1036 2336 1169 2373 harum
1186 2341 1300 2373 oratt.
1318 2335 1623 2374 collocationem

160 2396 446 2435 defendendam
467 2414 477 2444 ;
509 2404 547 2436 at
569 2400 598 2435 si
620 2399 766 2436 Noster
786 2398 891 2435 omni
911 2397 1068 2435 dicendi
1091 2398 1127 2435 vi
1144 2403 1182 2435 et
1202 2403 1514 2448 argumentorum
1536 2411 1623 2447 gra-

161 2458 278 2496 vitate
300 2472 391 2496 usus
411 2466 512 2498 esset
532 2460 569 2497 in
590 2460 766 2498 oratione
782 2460 919 2510 prima,
942 2473 1033 2497 num
1055 2473 1212 2511 sperare
1232 2460 1375 2510 potuit,
1398 2458 1492 2506 fore,
1515 2466 1570 2505 ut,
1594 2460 1624 2497 si

161 2520 200 2557 in
230 2522 402 2559 secunda
431 2527 470 2559 e't
499 2522 611 2559 tertia
642 2522 766 2559 minus
796 2522 938 2560 acriter
966 2522 1202 2573 disputaret,
1229 2522 1360 2566 animi,
1383 2534 1463 2571 quo
1494 2521 1623 2568 vellet,

159 2582 494 2633 perducerentur?
523 2584 614 2621 hinc
628 2583 718 2633 jure
738 2583 891 2622 videtur
911 2584 995 2622 haec
1024 2584 1148 2622 oratio
1178 2589 1420 2635 postremum
1448 2583 1627 2622 obtinere

161 2644 306 2683 locum.
363 2645 449 2683 Jam
469 2650 508 2683 et
537 2645 574 2682 in
606 2645 677 2683 hac
707 2651 746 2683 et
774 2645 811 2682 in
841 2658 900 2690 ea,
924 2659 1037 2696 quam
1074 2645 1239 2697 Dionys.
1270 2645 1480 2683 secundam
1517 2645 1625 2691 facit,

162 2706 317 2744 disserit
334 2707 382 2744 de
404 2707 570 2757 pecunia
590 2707 768 2745 theatrali
789 2707 826 2745 in
848 2720 959 2745 usum
991 2707 1193 2746 militarem
1223 2707 1461 2752 adhibenda,
1493 2707 1560 2754 ita,
1584 2712 1626 2744 ut

164 2767 329 2818 Olynth.
348 2769 423 2806 III.
443 2769 530 2818 (II.)
551 2773 581 2817 ξ.
603 2771 632 2807 ε’.
655 2769 786 2808 dicat:
815 2773 868 2819 μὴ
897 2769 1125 2821 θαυμάσητε,
1156 2771 1205 2808 ἂν
1235 2769 1444 2821 παράδοξοι·
1474 2770 1563 2806 ε’ίπω
1591 2785 1625 2806 τι

163 2834 240 2872 τοῖς
259 2833 431 2877 πολλοῖς,
453 2830 659 2883 νομοθέτας
680 2831 897 2870 καθίστατε.
918 2832 1080 2883 Olynth.
1100 2832 1131 2869 I.
1151 2832 1261 2882 (III.)
1277 2835 1308 2879 ξ.
1323 2833 1358 2876 ἡ.
1375 2831 1527 2868 videtul·
1541 2842 1626 2867 eam

163 2890 287 2941 ipsam
308 2905 389 2929 rem
403 2891 486 2942 jam
506 2893 692 2944 tetigisse,
709 2894 817 2944 quod
839 2899 1001 2944 apparet
1021 2907 1068 2932 ex
1088 2893 1146 2932 his
1169 2893 1296 2932 verbis
1314 2907 1323 2932 :
1356 2893 1391 2931 τί
1409 2890 1486 2938 οὖν,
1503 2893 1551 2928 ἄν
1571 2907 1627 2933 τις

168 2953 276 2997 ε’ἰποι,
300 2953 343 2990 σὺ
363 2954 516 3006 γράφεις
539 2958 638 2993 ταῦτ’
658 2954 752 2993 εἶναι
773 2957 1039 3006 στρατιωτικά;
1072 2954 1189 3000 Quod
1214 2955 1242 2991 si
1272 2960 1344 2998 est,
1365 2965 1480 3002 quam
1512 2951 1626 3002 vulgo

225 3033 321 3059 VOL.
344 3036 372 3060 1.
858 3027 879 3062 3
901 3040 921 3062 a
