1824 3171
574 174 655 212 AD
685 174 1148 214 DEMOSTHENEM.
1445 178 1588 217 clxxxv

135 279 226 317 mihi
246 279 407 323 videtur,
429 277 476 315 X.
503 284 570 315 aut
599 276 669 315 XI.
698 277 816 316 literis
842 277 1062 329 majoribus,
1091 279 1193 316 lectu
1222 277 1424 325 facillimis,
1443 280 1585 331 perspi-

132 344 228 389 cuis,
248 340 486 394 planissimis,
506 353 582 378 non
600 340 728 378 multis
750 341 1039 380 abbreviaturis.
1100 339 1299 379 Simillima
1325 347 1381 377 est
1399 341 1586 391 scriptura

132 403 241 452 hujus
274 402 416 441 codicis
453 402 673 453 Augustani
711 403 909 453 scripturae
943 403 1089 441 codicis
1124 402 1238 445 illius,
1275 401 1386 450 cujus
1416 409 1583 453 cctypon

129 464 195 502 aeri
222 464 381 501 incisum
411 462 611 501 exhibetur
634 477 670 514 p.
691 464 761 501 VI.
793 464 972 514 Catalogi
1000 472 1185 502 mstorum
1214 462 1472 500 Bibliothecae
1504 464 1580 502 Ve-

129 532 229 563 netae
260 526 311 563 D.
345 525 485 571 Marci,
519 539 558 563 n.
588 526 736 564 XCIV.
775 526 868 564 item
898 527 1096 577 scripturae
1132 524 1277 564 codicis
1306 524 1460 563 Nicetae
1491 524 1582 563 Chi-

127 586 366 636 rurgicorum
396 586 586 632 Medicei,
616 587 720 625 unde
742 587 932 626 Antonius
963 587 1156 627 Cocchius
1187 585 1382 637 specimen
1406 585 1471 623 aeri
1491 585 1584 622 inci-

124 659 210 684 sum
238 647 413 685 exhibuit
439 648 479 685 in
506 648 635 686 fronte
666 648 980 699 Chirurgicorum
1007 661 1234 699 graecorum,
1263 660 1418 699 prorsus
1447 647 1582 685 eadem

125 708 248 746 forma
267 716 307 746 et
326 709 554 760 magnitudo
572 710 782 755 literarum,
803 717 917 761 atque
937 710 975 747 in
995 709 1161 754 Niceta;
1198 709 1289 747 item
1311 708 1582 760 speciminibus

123 781 175 806 ex
194 782 269 807 aere
289 771 427 809 caelato
447 771 641 822 expressis
663 771 839 822 Catalogi
869 779 1051 810 mstorum
1071 784 1289 822 graecorum
1309 770 1356 807 M
1361 770 1583 808 ediceorum

123 842 148 867 a
167 830 355 870 Bandinio
377 833 484 879 editi,
511 833 622 870 Tomi
643 833 752 883 primi
772 833 914 871 tabulae
935 833 1060 871 tertiae
1080 846 1184 870 num.
1205 835 1243 870 2.
1266 831 1409 869 tabulae
1435 839 1583 882 quartae

121 905 161 930 n.
181 895 219 930 2.
239 894 382 931 tabulae
400 901 520 933 sextae
537 908 576 932 n.
589 897 628 933 5.
648 901 689 932 ut
710 894 785 933 alia
802 901 951 933 taceam
970 895 1106 933 similia
1127 893 1338 945 specimina
1358 906 1407 930 ex
1426 906 1502 931 aere
1521 906 1584 931 ex-

121 964 262 1002 pressa,
284 967 371 1004 quae
391 954 480 992 olim
500 955 706 1006 aliquando
730 955 807 993 vidi
825 956 980 1007 passim,
1000 962 1042 993 ut
1059 955 1098 992 in
1126 954 1396 1004 Evangeliario
1414 953 1579 1004 quadru-

121 1013 213 1064 plici
238 1014 454 1054 Blanchini.
513 1016 697 1055 Continet
717 1029 830 1067 paene
850 1024 974 1054 totum
995 1016 1300 1054 Demosthenem
1322 1022 1362 1053 et
1378 1015 1512 1053 nescio
1530 1028 1580 1053 an

122 1074 212 1112 olim
228 1076 394 1114 tenuerit
407 1077 546 1123 onmia,
566 1084 776 1128 antequam
794 1077 1044 1116 mutilaretur.
1075 1078 1310 1128 Compactus
1331 1083 1390 1114 est
1408 1089 1432 1114 a
1449 1076 1581 1114 biblio-

118 1148 222 1185 pego
242 1137 475 1185 germanico,
491 1144 614 1175 tectus
633 1138 738 1176 corio
759 1138 883 1182 suillo,
903 1152 983 1176 non
998 1139 1036 1175 in
1055 1138 1196 1187 graecia
1211 1138 1306 1187 ipsa,
1329 1138 1399 1175 sed
1420 1138 1576 1183 saeculo,

120 1202 162 1232 ut
180 1196 344 1241 videtur,
367 1197 518 1234 decimo
547 1204 661 1234 sexto
680 1197 848 1234 demum.
869 1196 909 1233 id
928 1197 1031 1245 quod
1051 1203 1158 1246 patet
1179 1209 1200 1234 e
1220 1197 1446 1243 traiectione
1464 1196 1577 1234 folio„

117 1269 201 1294 rum
221 1258 476 1307 quorundam.
533 1257 689 1295 Desunt
709 1257 760 1294 illi
781 1271 819 1307 p.
840 1257 1090 1308 92sepistola
1110 1257 1293 1308 Philippi,
1316 1260 1408 1296 621.
1434 1257 1473 1294 in
1493 1258 1581 1296 Ste-

115 1318 285 1369 phanum
305 1319 496 1357 orationes
517 1319 616 1357 duae.
636 1321 729 1357 638.
758 1331 812 1356 or.
831 1318 871 1355 in
891 1318 1086 1369 Evergum
1114 1326 1154 1356 et
1179 1318 1463 1356 Mnesibulum.
1484 1321 1577 1360 672.

115 1391 172 1416 or.
190 1379 228 1416 in
246 1379 476 1431 Callippum.
497 1381 590 1420 726.
613 1392 668 1418 or.
691 1379 731 1416 in
749 1379 943 1418 Neaeram.
963 1381 1055 1420 745.
1077 1380 1196 1418 oratio
1215 1379 1401 1418 funebris.
1422 1382 1513 1421 750.
1535 1381 1580 1418 li-

114 1439 239 1478 bellus
261 1441 482 1479 amatorius.
511 1443 603 1482 758.
634 1440 832 1492 prooemia,
863 1448 902 1479 et
932 1441 1099 1492 denique
1128 1443 1221 1482 777.
1252 1441 1436 1492 epistolae.
1466 1442 1578 1480 deest

113 1515 268 1553 quoque
290 1504 395 1553 Aug.
415 1503 539 1553 primo
556 1515 698 1553 magna
715 1516 802 1553 pars
823 1502 1005 1541 orationis
1025 1503 1064 1540 in
1086 1503 1264 1540 Boeotum
1285 1516 1402 1554 super
1421 1504 1575 1542 nomine

113 1575 194 1614 a-p.
215 1565 308 1605 577.
333 1567 394 1602 18.
417 1563 465 1601 ad
479 1578 518 1615 p.
532 1566 625 1605 579.
645 1567 711 1603 26.
767 1564 833 1602 Ab
849 1563 959 1602 initio
980 1564 1135 1602 mutilus
1152 1571 1222 1602 est.
1252 1564 1429 1615 Incipita
1444 1568 1574 1603 κοπτό-

112 1639 216 1675 μενοι
235 1639 273 1675 p.
296 1628 360 1663 14«.
379 1627 417 1666 7.
438 1625 488 1663 ad
508 1627 643 1663 ὀκνεῖτε
663 1626 799 1672 ἐξιέναι
818 1639 857 1676 p.
881 1627 943 1666 17.
964 1629 988 1664 4
1016 1633 1098 1663 tum
1128 1633 1185 1664 est
1211 1626 1349 1663 lacuna
1375 1639 1497 1676 usque
1522 1627 1574 1665 ad

112 1698 150 1737 p.
169 1690 234 1725 25.
258 1690 320 1725 14.
342 1687 407 1724 ubi
428 1699 450 1724 a
470 1689 668 1725 κατέλιπον
697 1687 775 1725 duo
796 1694 885 1725 sunt
904 1687 997 1725 folia
1014 1687 1266 1738 procedentia
1285 1687 1335 1725 ad
1352 1701 1392 1738 p.
1420 1691 1484 1726 30.
1508 1691 1572 1727 15.

110 1747 172 1785 hae
192 1760 324 1798 paucae
343 1755 432 1785 sunt
457 1748 630 1798 reliquiae
655 1747 877 1798 superstites
903 1748 940 1785 in
965 1756 1076 1799 parte
1101 1749 1222 1800 prima
1248 1748 1572 1787 Demosthenico-

110 1821 194 1846 rum
215 1822 386 1860 operum.
419 1809 620 1860 Supplevit
638 1816 768 1848 autem
781 1809 1001 1848 deficientia
1021 1810 1208 1862 pleraque
1227 1823 1363 1848 manus
1378 1810 1572 1848 recentior

110 1882 134 1908 a
152 1884 192 1921 p.
212 1874 251 1910 5.
272 1875 309 1908 8.
328 1870 419 1908 inde
438 1883 561 1921 usque
583 1871 634 1908 ad
652 1884 689 1922 p.
710 1874 775 1910 35.
795 1873 833 1912 7.
855 1872 991 1910 decem
1011 1872 1126 1910 soliis.
1164 1872 1225 1910 Ab
1238 1872 1313 1910 hac
1334 1884 1432 1909 nova
1451 1884 1568 1909 manu

109 1939 268 1970 exarata
286 1932 483 1983 appellare
504 1932 613 1969 soleo
633 1932 673 1969 in
694 1932 788 1970 libro
807 1933 1036 1971 variantium
1053 1935 1336 1983 supplementum
1355 1934 1570 1983 Augustam*

103 1994 229 2042 primi.
260 1994 297 2032 A
316 2007 354 2044 p.
375 1997 440 2038 35,
463 1994 501 2034 7.
521 1993 612 2032 inde
628 1993 774 2045 reliqua
788 1995 915 2033 omnia
931 1995 979 2034 ad
993 1995 1110 2034 finem
1130 2008 1251 2046 usque
1265 2001 1418 2032 vetusta
1432 2006 1568 2033 manus

111 2056 339 2107 primigenia
357 2056 540 2094 exaravit.
597 2056 645 2093 In
672 2063 849 2095 extremo
877 2057 954 2095 fine
982 2056 1129 2094 codicis
1148 2055 1304 2093 demum
1325 2054 1403 2092 duo
1421 2055 1567 2106 reperi-

108 2125 223 2154 untur
242 2117 335 2155 folia
353 2117 490 2155 mirum
510 2118 550 2155 in
568 2117 725 2154 modum
747 2131 770 2155 a
788 2117 978 2154 vermibus
1004 2129 1173 2162 corrosa,
1201 2117 1386 2168 fumoque
1413 2124 1452 2154 et
1480 2116 1565 2168 pul-

106 2171 416 2217 vere'sordidata
442 2186 481 2217 et
510 2178 726 2228 denigrata,
756 2185 800 2215 ut
817 2178 880 2215 vix
908 2178 987 2229 legi
1016 2185 1162 2229 queant
1189 2190 1212 2215 a
1240 2191 1277 2228 p.
1298 2181 1336 2224 4,
1369 2181 1430 2217 11.
1465 2181 1565 2229 ἡμᾶς

107 2242 218 2278 πλεῖν
238 2240 289 2278 ad
308 2253 346 2290 p.
367 2244 407 2286 6,
427 2242 467 2279 5.
488 2241 542 2283 τὶς
562 2241 688 2282 οὕτως.
746 2239 953 2278 Orationes
979 2240 1019 2277 in
1047 2239 1123 2279 hoc
1151 2240 1286 2278 codice
1313 2253 1398 2278 sese
1427 2253 1564 2278 conse-

106 2308 275 2353 quuntur
300 2315 378 2339 non
407 2302 542 2339 ordine
562 2301 722 2353 vulgari,
751 2301 822 2339 sed
850 2302 950 2340 hoc:
990 2302 1218 2354 Philippicae
1247 2315 1394 2348 omnes,
1423 2302 1563 2340 eodem

107 2363 255 2408 ordine,
274 2376 352 2413 quo
371 2363 409 2400 in
427 2362 533 2400 libris
552 2362 731 2414 vulgatis.
761 2363 799 2400 in
822 2363 1119 2402 Androtionem.
1148 2364 1187 2401 in
1207 2363 1382 2401 Midiam.
1423 2364 1463 2401 in
1483 2363 1566 2402 Ari-

105 2432 326 2463 stocratem.
382 2437 450 2475 pro
471 2437 625 2462 corona.
681 2424 729 2462 de
750 2424 847 2463 falsa
865 2425 1075 2475 legatione.
1129 2425 1168 2463 in
1196 2426 1469 2464 Timocratem.
1522 2425 1564 2463 in

104 2487 324 2538 Leptinetn.
384 2486 425 2523 in
456 2485 773 2536 Aristogitonem.
836 2486 874 2524 in
903 2487 1119 2526 Cononem.
1180 2487 1220 2524 in
1250 2486 1463 2526 Calliclem.
1520 2487 1561 2524 in

107 2548 440 2599 olympiodorum.
514 2547 554 2584 in
596 2548 923 2600 Dionysodorum.
996 2549 1035 2586 in
1072 2547 1282 2599 Aphobum
1321 2549 1424 2587 duae.
1489 2562 1561 2599 pro

105 2610 252 2648 Phano.
305 2611 346 2647 in
377 2611 587 2648 Onetorem
617 2611 718 2649 duae.
755 2611 795 2648 in
825 2611 1109 2649 Pantaenetum.
1178 2611 1218 2648 in
1250 2610 1464 2649 Lacritum.
1520 2611 1559 2648 in

105 2671 406 2710 Nausimachum
435 2679 475 2709 et
505 2672 780 2724 Xenopithem.
863 2672 901 2709 in
939 2672 1227 2711 Phormionem.
1294 2672 1333 2709 in
1366 2672 1560 2710 Zenothe-

75 2778 82 2788 ί
107 2732 197 2769 min.
262 2746 332 2783 pro
365 2733 612 2771 Phormione.
676 2733 716 2771 in
744 2733 989 2785 Apaturium.
1055 2735 1091 2772 οἱ
1116 2732 1418 2786 συμβουλευτικοὶ
1460 2737 1500 2782 (a
1518 2747 1558 2784 p.

108 2794 173 2830 25.
194 2792 242 2830 ad
263 2793 368 2842 130.)
423 2807 494 2845 pro
514 2807 659 2832 corona
686 2794 947 2841 trierarchiea‚
974 2808 1063 2845 quae
1093 2795 1215 2834 oratio
1239 2795 1298 2833 bis
1323 2795 1362 2832 in
1390 2795 1465 2832 hoc
1497 2807 1560 2831 co·

110 2852 196 2889 dice
215 2860 275 2890 est
293 2854 450 2906 scripta,
471 2855 567 2893 locis
587 2855 688 2893 inter
708 2869 750 2893 se
769 2856 906 2906 procul
929 2855 1082 2902 dissitis,
1104 2863 1143 2894 et
1160 2869 1247 2894 cum
1270 2855 1427 2892 mirifica
1446 2854 1556 2891 lecti-

106 2926 223 2952 onum
249 2914 517 2968 discrepantia,
547 2924 590 2956 ut
610 2917 792 2969 exempla
823 2917 938 2967 hujus
959 2917 1139 2957 orationis
1168 2931 1189 2956 e
1217 2916 1415 2956 codicibus
1433 2914 1557 2953 diver-

160 2993 253 3021 vot.
283 2994 312 3022 1.
841 2988 868 3024 2
894 3000 917 3023 a
