1824 3171
463 136 1018 181 ΟΛΥΝΘΙΑΚΟΣ
1078 134 1132 179 Γ.
1184 132 1283 199 (Β.)

1527 137 1594 189 77

149 276 279 304 κατα
306 250 384 312 τήν
411 249 537 302 πολιν
563 249 700 310 αὐτην
727 247 1028 302 θεάσασθε
1008 261 1165 316 οποῖοι,
1187 252 1227 304 ἕν
1254 276 1302 304 τε
1331 265 1420 313 τοῖς
1450 265 1599 315 κοινοῖς

149 350 229 378 και
257 325 324 377 ῙΞν
351 348 440 382 τοις
467 321 602 382 ι’ὃιοις.
645 321 836 393 δημοσιᾳ
867 322 945 394 μὲν
981 349 1118 376 τοινυν
1149 324 1483 397 οἰκοδομήματα
1518 354 1597 381 και

150 399 304 460 κάλλη
330 421 523 450 τοιαυτα
549 422 624 450 και
647 421 858 450 τοο-αυτα
885 422 1231 453 κατεσκευασαν
1256 401 1355 472 ἦμῗν
1382 402 1495 470 ἷερων
1521 427 1599 454 και

150 498 235 525 των
261 496 300 524 εν
320 470 488 530 τούτοις
511 471 877 543 α’ναθηματων,”
844 497 949 533 ωςτε
975 472 1122 544 μηδενι
1149 499 1234 527 των
1260 475 1599 547 επιγιγνομένων

148 544 406 614 υπερβολῆν
450 547 709 611 λελεῖφθαι·
752 545 845 617 ἷὸιᾳ

889 545 932 599 ὃ
965 572 1076 601 ουτω
1119 550 1324 643 σωφρονες
1362 550 1479 612 ἦσαν
1518 574 1598 602 και

148 618 360 712 σφοδρα’
344 644 383 672 εν
409 621 476 687 ⁷43
501 621 580 683 τῆς
604 620 840 681 πολιτείας
870 619 969 683 ἤθει
996 622 1213 694 μένοντες,
1242 623 1351 683 ω’ςτε
1380 649 1458 685 την
1481 624 1600 698 Ἀρι-

149 692 324 749 στείδου
350 718 429 747 και
458 719 535 758 την
562 694 817 748 Μιλτιαδου
843 720 921 748 και
949 722 1033 749 των
1069 697 1169 750 τότε
1183 699 1472 788 λαμπρῶν
1463 699 1602 751 οἶκιάν

150 767 195 822 εἷ’
222 794 295 830 τις
329 769 419 843 ἄρα
444 766 597 822 οἶδεν
572 794 688 838 υμων
713 795 849 824 οποια
876 770 981 824 ποτ’
1007 772 1147 835 ἐστιν,
1174 797 1251 848 ορα
1285 798 1363 834 της
1393 796 1469 825 του
1505 775 1603 839 γεῖ-

149 868 269 904 Τθνος
294 843 406 898 Θυδεν
431 868 696 920 σεμνοτέραν
722 845 873 898 θῦσαν

897 870 942 898 Ol)
968 871 1060 923 ’γαρ
1087 845 1147 905 Εἷς
1171 871 1428 922 weptouffcocv
1453 870 1606 906 αυτοῖς

792 979 798 996 ¹
825 976 946 1007 Deest'
936 988 970 1006 εν.

150 1098 178 1117 ην
192 1087 215 1116 οῖ
230 1085 353 1126 φθονεροὶ
368 1087 416 1117 οὐκ
431 1085 614 1127 ἐλυμῇναντο.
641 1087 745 1117 lom«.

193 1128 328 1169 Δημοσίςι
355 1142 394 1167 μ,
386 1129 409 1158 ἓν
435 1128 529 1164 τοίνυν,
555 1129 771 1169 οἰκοδομήματα

149 1172 380 1211 κατεσκεύασαν]
416 1173 465 1202 Ad
497 1173 561 1201 liaec
589 1173 634 1201 sic
664 1173 706 1201 ait
739 1171 858 1201 Scholi-

147 1220 251 1246 astes:
286 1215 314 1244 οὗ
344 1214 412 1254 περὶ
436 1226 490 1244 των
511 1214 744 1254 οἰκοδομημάτων
771 1213 859 1252 λέγει,

148 1259 228 1288 οὶλλοὶ
243 1259 299 1287 τῶν
313 1258 521 1297 ἀναθημάτων,
536 1258 584 1287 καῖ
606 1260 658 1297 γὰρ
673 1258 778 1287 τούτων
792 1257 861 1287 εἰσὶν

148 1301 218 1336 ἴσως
232 1299 396 1342 ὑπερβολαί.
439 1302 510 1330 Non
525 1301 630 1335 video,
652 1311 747 1340 quare
768 1300 860 1339 Ulpi-

149 1353 226 1374 anus
242 1354 301 1373 non
318 1344 459 1373 admittat
474 1344 539 1373 haec
555 1344 648 1372 verba
663 1344 792 1374 oratoris
806 1344 859 1373 de-

151 1387 225 1417 bere
239 1385 371 1425 intelligi
386 1387 425 1416 de
441 1385 592 1419 aedificiis,
610 1386 664 1415 sed
689 1390 805 1416 tantum
822 1387 860 1415 de

150 1429 296 1459 donariis.
340 1429 419 1458 Nam
436 1433 468 1457 et
481 1429 639 1468 magnifice
655 1429 861 1458 aedificaverat

151 1472 292 1502 Pericles
309 1472 474 1511 Propylaea
489 1476 519 1500 et
532 1472 663 1506 Odeum,
678 1481 752 1501 usus
767 1481 861 1510 opera

151 1514 298 1544 Mnesicli
314 1514 485 1548 architecti,
497 1515 534 1543 de
547 1514 658 1553 quibus
676 1514 860 1544 Plutarchus

149 1557 180 1587 in
197 1557 331 1593 Pericle,
353 1562 385 1587 et
403 1558 442 1586 de
467 1557 640 1596 Propylaeis
657 1557 778 1595 quidem
796 1557 860 1594 glo-

149 1600 306 1630 riabantur
329 1600 551 1630 Athenienses.
585 1599 670 1628 testis
694 1599 860 1629 AEschines

150 1643 180 1673 in
204 1643 340 1673 oratione
369 1642 439 1682 weg?
469 1640 709 1681 Παραπρεσβείας
740 1642 782 1683 [ς.
807 1641 860 1672 κδ’.

148 1687 230 1716 med.
234 1687 247 1727 ]
263 1686 444 1725 ἀνιστάμενοι
460 1684 487 1714 δὲ
501 1686 522 1714 οἱ
540 1695 761 1737 συντὶταγμενοι
784 1684 860 1725 ῥητο-

150 1739 202 1769 ρες,
216 1730 286 1769 weg?
300 1728 356 1768 μὲν
371 1740 421 1761 της
441 1727 580 1768 σωτηρίας
593 1739 645 1762 της
660 1727 768 1761 πόλεως
789 1727 861 1758 οὐδὲν

149 1770 293 1813 ἐνεχείρουν
306 1770 404 1809 λέγειν,
420 1769 595 1803 ἀποβλέπειν
609 1770 636 1800 δὲ
652 1771 689 1804 εἰς
701 1783 741 1801 τα
755 1770 861 1810 πςοπύ-

151 1821 221 1844 λαια
240 1827 292 1849 της
314 1814 422 1848 πόλεως
445 1813 566 1844 ἐκέλευον
586 1815 674 1852 ἦμᾶς,
694 1814 742 1843 καὶ
765 1816 816 1848 τῆς
838 1825 863 1843 εν

152 1860 296 1896 Σαλαμῖνι
310 1857 375 1897 πρὸς
388 1855 433 1886 τόν
446 1856 552 1897 Πέρσην
568 1857 734 1898 ναυμαχίας
749 1858 863 1896 μεμνῆ·

150 1901 227 1930 σθαι
242 1901 289 1930 καὶ
306 1903 360 1930 τῶν
379 1900 477 1938 τάφων
498 1900 544 1929 καὶ
570 1902 624 1929 τῶν
646 1899 788 1940 προγόνων,
803 1899 862 1929 διο.

153 1944 194 1973 Et
210 1945 250 1973 ob
267 1945 332 1982 ejus
354 1942 477 1972 aedificii
501 1942 754 1981 magnificentiam
771 1942 800 1971 in
816 1942 863 1971 iu-

154 1986 266 2016 vidiam
281 1986 508 2015 adducebantur
521 1996 537 2014 a
548 1984 669 2020 vicinis,
683 1985 771 2014 testis
782 1985 863 2013 idem

153 2029 316 2059 AEschines
331 2028 360 2058 in
377 2028 484 2058 eadem
497 2027 646 2063 oratione,
663 2026 703 2067 [§.
716 2026 865 2066 λβ’.ᾗη.],

153 2070 360 2111 Ἐπαμινῶνδας
382 2069 542 2111 στρατηγὸς
563 2070 617 2111 οὐχ
642 2070 810 2108 ὑποπτήξας
831 2069 865 2098 τὸ

151 2115 206 2153 μὲν
221 2117 275 2145 τῶν
291 2112 441 2144 Ἀθηναίων
456 2113 584 2165 ἀξίωμα,
597 2113 667 2143 εἷπε
687 2112 850 2163 διαῤῥήδην’
840 2123 866 2142 εν

152 2157 197 2197 τῷ
210 2157 324 2188 πλήθει
341 2160 395 2186 τῶν
410 2157 548 2191 Θηβαίων,
560 2157 595 2189 ὡς
610 2157 651 2185 δεῖ
664 2158 704 2185 τὰ
720 2158 770 2189 τῆς
784 2153 866 2186 ’-ΑΘη

151 2200 230 2230 ναίων
252 2199 432 2253 ἀκροπόλεως
437 2198 614 2251 *arpen-tizam
635 2209 736 2239 μετενε
737 2199 814 2236 γκεῖν
829 2198 867 2233 εἷς

153 2255 203 2275 την
217 2241 400 2284 «προστασίαν
415 2244 466 2276 τῆς
484 2240 638 2281 Καδμείας.
683 2243 733 2271 Ex
748 2242 796 2270 his
812 2251 866 2280 pa·

154 2291 210 2322 tet,
226 2290 370 2325 quantum
385 2285 587 2315 hallucinatus
608 2285 648 2314 sit
664 2284 866 2320 Scholiastes,

154 2330 255 2359 locum
273 2327 491 2358 Demosthenis
514 2337 572 2356 non
595 2327 710 2356 debere
731 2307 866 2366 intelligi

154 2373 194 2402 de
204 2371 365 2409 aedificiis;
387 2371 441 2399 sed
457 2375 570 2399 tantum
586 2371 624 2399 de
635 2370 782 2405 donariis,
797 2370 864 2410 περὶ

154 2414 362 2454 ἀναθημάτων,
377 2417 521 2452 tanquam
544 2413 570 2442 si
595 2413 767 2442 Minervam
794 2412 868 2442 Phi-

153 2458 215 2488 diae
231 2462 346 2487 tantum
364 2461 396 2485 et
408 2455 469 2485 alia
483 2455 609 2485 donaria
624 2456 690 2485 sola
701 2455 793 2494 digna
814 2455 868 2484 ad-

154 2499 315 2530 miratione
330 2499 424 2529 fuisse
436 2498 618 2528 censuisset.
665 2499 741 2526 Nam
754 2502 786 2526 et
799 2497 868 2536 ipse

155 2543 381 2573 Demosthenes
411 2541 490 2570 infra
517 2544 624 2570 eontra
647 2541 868 2570 Androtiouem

153 2586 286 2616 aedificia
311 2584 471 2623 magnifica
497 2588 649 2617 recenset,
673 2583 737 2612 sic:
761 2582 869 2621 προπύ-

156 2633 236 2663 λαια,
245 2628 258 2657 ὅ
268 2628 426 2668 Παξθενὼν,
439 2625 535 2662 στὸαι,
546 2626 691 2656 νεώσοικοι.
704 2626 754 2656 ΡΛ
762 2636 868 2656 LMER.

198 2672 298 2700 Κάλλη
315 2687 359 2693 -—
373 2671 446 2709 ἱερῶν
459 2687 503 2692 ·-
517 2669 565 2698 καὶ
580 2669 790 2709 ἀναθημάτων]
811 2669 870 2698 Or-

158 2718 297 2743 namenta
313 2713 495 2752 templorum
512 2717 544 2742 et
558 2712 771 2750 donariorum3
795 2716 870 2740 tem-

158 2756 211 2795 pla
219 2760 336 2785 constat
347 2756 402 2785 illo
412 2760 550 2794 tempore
561 2755 766 2793 pulcherrirna
775 2754 870 2784 fuisse

160 2802 327 2828 exstructa.
372 2798 443 2828 vid.
466 2797 588 2833 Beckii,
606 2798 673 2827 Vir.
690 2797 752 2833 Ill.y
771 2798 871 2827 Grun-

162 2841 245 2870 driss
268 2841 300 2869 d.
321 2839 475 2871 Arcbaeol.
491 2841 526 2870 d.'
542 2841 656 2871 Kunst.
680 2841 708 2870 Ι.
724 2850 756 2879 p.
775 2843 828 2871 72.
846 2851 868 2871 s.

163 2882 387 2921 ἀναθήματα
400 2883 611 2924 (κοσμήματα,
627 2882 813 2924 ἀγάλματα)
825 2882 871 2912 di-

166 2929 273 2956 cuntur
283 2926 372 2964 dona,
382 2935 449 2965 quoe
461 2926 610 2965 suspendi
624 2930 760 2966 possunt,
771 2925 872 2965 qualia

213 2978 285 2999 vox..
304 2977 326 2999 1.

893 1090 965 1116 sunt
987 1086 1137 1125 tripodes,
1166 1097 1266 1118 aureae
1293 1087 1401 1127 pbialae
1426 1092 1457 1118 et
1484 1086 1606 1118 similia.

893 1128 1022 1158 Salmas.
1047 1130 1085 1158 ad
1108 1130 1202 1159 Solin.
1218 1140 1249 1168 p.
1270 1132 1346 1161 767.
1378 1133 1469 1161 Pans.
1494 1132 1558 1160 Att.
1576 1141 1603 1159 c.

894 1173 945 1202 27.
972 1173 1052 1200 Nam
1064 1172 1184 1202 Xerxis
1197 1174 1283 1208 sella,
1301 1173 1453 1204 Mardonii
1466 1174 1606 1203 acinaces

895 1219 980 1244 erant
997 1224 1154 1253 suspensa.
1177 1215 1304 1246 mimo.

937 1256 1161 1299 Ἀναθημάτων]
1184 1257 1339 1297 Ἀνάθημα
1353 1257 1470 1288 Graecis
1486 1268 1544 1288 non
1561 1258 1608 1287 di-

895 1300 974 1330 citur
990 1300 1029 1329 de
1045 1301 1124 1330 omni
1138 1311 1183 1336 re,
1200 1312 1266 1340 quae
1282 1302 1342 1331 diis
1361 1302 1606 1335 consecrabatur,

896 1343 949 1373 sed
975 1343 1013 1372 de
1029 1342 1081 1372 illo
1102 1349 1218 1373 tantum
1241 1355 1351 1383 genere
1373 1346 1521 1374 donorum
1539 1354 1607 1383 quae

895 1386 1043 1424 suspendi
1059 1391 1212 1424 poterant,
1231 1392 1284 1417 aut
1304 1387 1335 1416 in
1351 1386 1472 1417 excelso
1489 1392 1520 1416 et
1535 1397 1607 1415 con-

896 1429 1003 1467 spicuo
1020 1428 1088 1458 loco
1103 1429 1207 1464 statui,
1219 1435 1251 1458 ut
1264 1434 1368 1459 essent
1383 1429 1508 1468 templis
1521 1439 1608 1458 orna-

895 1476 1009 1506 mento,
1025 1472 1128 1509 qualia
1141 1478 1211 1501 sunt
1225 1473 1334 1511 phialae
1348 1483 1446 1502 anreae
1458 1479 1488 1501 et
1503 1482 1609 1510 argen-

896 1517 965 1549 teae,
983 1513 1133 1551 tripodes,
1149 1525 1276 1550 acerrae,
1291 1515 1426 1549 eorouae,
1444 1520 1473 1544 et
1487 1515 1608 1544 similia.

896 1556 977 1586 Vide
1003 1556 1133 1587 Salmas.
1160 1557 1242 1587 Plin.
1266 1557 1436 1588 Exercitat.
1457 1558 1488 1586 in
1513 1557 1609 1587 Solin.

898 1599 1050 1638 Polybist.
1069 1600 1121 1638 qui
1145 1600 1232 1638 plura
1254 1600 1297 1630 ibi
1319 1600 1456 1640 disputat
1478 1600 1517 1629 de
1534 1611 1609 1630 voce

897 1641 1048 1681 ανάθημα,
1073 1653 1199 1681 eamque
1216 1653 1365 1682 nusquam
1385 1643 1466 1682 apud
1483 1645 1610 1673 Graecos

897 1684 927 1713 in
957 1685 1064 1714 malam
1092 1691 1212 1723 partem
1239 1686 1348 1725 accipi,
1374 1696 1432 1725 pro
1458 1685 1608 1725 ἀνάθεμα,

897 1728 1064 1757 contendit.
1089 1728 1231 1758 Morm'r.

931 1767 1033 1800 ’Ὠο-τε
1047 1770 1143 1809 μηδενὶ
1167 1773 1221 1800 τῶν
1235 1769 1464 1811 ἐπιγιγνομένων]
1489 1772 1607 1801 Isocra-

896 1817 943 1842 tes
967 1813 1204 1853 Areopagitico:
1232 1814 1307 1844 ὥστε
1336 1814 1379 1844 ἔτι
1404 1814 1451 1843 καὶ
1478 1815 1520 1844 νῦν
1546 1816 1610 1848 τοὺς

897 1856 1111 1895 ἀφικνουμένους
1133 1855 1261 1896 νομίζειν,
1282 1857 1367 1886 aba->m
1382 1856 1462 1894 ἀξίαν
1477 1856 1542 1886 εἶναι
1566 1859 1609 1896 μῆ

897 1898 977 1938 μόνον
990 1902 1044 1928 τῶν
1056 1898 1191 1929 Ἐλλήνων
1205 1900 1310 1941 ἄρχειν,
1327 1901 1406 1929 ἀλλὰ
1421 1899 1469 1928 καὶ
1487 1902 1542 1930 τῶν
1556 1901 1610 1928 ἐέλ-

899 1948 954 1970 λων
967 1942 1109 1971 ἁπάντων.
1131 1942 1173 1971 W
1176 1953 1251 1973 οη.

941 1982 983 2012 Ἐν
995 1984 1037 2022 τῷ
1050 1986 1098 2017 τὴς
1113 1985 1259 2017 πολιτείας
1271 1983 1371 2025 ηθειᾚ
1374 1990 1460 2021 Ηγουν
1468 1984 1511 2024 τῷ
1525 1984 1610 2023 δημο

899 2037 1034 2077 κρατίκφ,
1043 2038 1096 2056 SVO)
1109 2039 1136 2055 αὖ
1150 2027 1279 2060 ἷσΟΤηΤΕς
1290 2027 1489 2065 Ευῦῧκίμθυσίγ-
1505 2029 1611 2058 IDEM·

942 2067 984 2098 Ἐν
1000 2069 1041 2107 τῷ
1063 2081 1114 2102 της
1137 2067 1283 2104 πολιτείας
1297 2069 1360 2099 ἤθει
1383 2068 1511 2108 μένοντες
1534 2070 1610 2101 ὥστε

899 2122 947 2141 την
973 2110 1154 2151 Ἀριστείδου,
1183 2123 1230 2141 και
1261 2123 1309 2142 την
1338 2113 1506 2147 Μιλτιάδου,
1537 2112 1611 2153 &c.]

901 2154 1024 2183 Nemini
1051 2165 1183 2193 unquam
1206 2155 1322 2185 animus
1349 2156 1386 2184 ab
1411 2165 1444 2184 re
1471 2156 1612 2185 omissior

900 2197 966 2233 fuit,
982 2207 1071 2236 quam
1088 2197 1213 2228 Aristidi
1227 2203 1258 2227 et
1274 2198 1421 2228 Miltiadi.
1466 2198 1613 2228 Aristidis

899 2243 964 2269 tota
990 2240 1152 2270 haereditas
1179 2241 1217 2270 ad
1244 2251 1313 2270 eum
1343 2241 1530 2270 efferendum
1554 2251 1613 2271 non

901 2283 1034 2319 suffecit,
1051 2294 1148 2323 neque
1166 2283 1217 2313 ille
1230 2284 1348 2314 duabus
1365 2284 1427 2313 suis
1441 2284 1511 2314 filiis
1524 2284 1615 2323 quid-

902 2336 990 2364 quam
1007 2330 1120 2365 praeter
1135 2331 1289 2366 gratorum
1305 2326 1419 2356 civium
1440 2327 1614 2357 misericor-

902 2369 981 2398 diam
1003 2368 1140 2408 reliqnit.
1186 2369 1249 2405 Qui
1273 2370 1408 2399 Miltiadi
1431 2369 1615 2399 invidebant

900 2412 994 2451 paulo
1006 2417 1077 2450 post
1089 2422 1220 2452 pugnam
1235 2412 1457 2442 Marathoniam
1473 2413 1614 2447 effecere,

902 2458 935 2483 ut
960 2454 986 2483 is
1012 2454 1232 2493 quinquaginta
1257 2455 1380 2485 talentis
1406 2455 1614 2485 mulctaretur.

902 2497 1000 2533 Quam
1018 2498 1191 2536 pecuniam,
1207 2499 1288 2536 quod
1311 2498 1431 2527 solvere
1452 2508 1510 2527 non
1528 2503 1616 2536 pote-

901 2544 948 2568 rat
963 2540 1010 2569 vir
1022 2540 1073 2578 qui
1087 2551 1145 2569 non
1160 2540 1235 2570 alias
1245 2540 1370 2570 divitias
1382 2550 1471 2579 quam
1488 2540 1615 2579 gloriam

903 2581 963 2611 sibi
979 2583 1134 2612 cumulare
1149 2587 1288 2619 noverat,
1302 2583 1333 2613 in
1349 2582 1472 2614 vincula
1491 2583 1616 2621 publica

902 2625 1059 2663 conjectus
1077 2629 1136 2662 est,
1152 2626 1266 2664 ibique,
1281 2636 1350 2656 cnm
1372 2632 1489 2655 summo
1505 2626 1615 2664 patriae

904 2677 968 2696 suae
998 2669 1162 2705 dedecore,
1193 2669 1276 2698 diem
1311 2669 1388 2698 obiit
1427 2678 1614 2706 supremum.

903 2710 1002 2750 [Vide
1015 2711 1086 2740 Cor.
1102 2712 1201 2753 Nep.]
1228 2711 1530 2741 Tour.etl.Mo1mr.

947 2753 987 2782 Oia
1013 2756 1067 2794 γὰρ
1090 2754 1128 2788 εἷς
1152 2753 1322 2795 περιουσίαν]
1346 2753 1405 2784 Οὐκ
1425 2753 1618 2783 ἐπολιτεύοντο

904 2795 948 2824 διὰ
953 2807 1182 2837 χξηματισμον
1183 2798 1230 2827 τῆν
1246 2797 1400 2827 πολιτείαν·
1416 2807 1463 2824 ουκ
1477 2793 1617 2834 ἐργασίαν,

904 2835 986 2868 ἀλλὰ
1001 2839 1171 2880 λειτουργίαν
1186 2839 1253 2870 εἰναι
1267 2839 1397 2879 ἐνόμιζον.
1412 2837 1536 2868 WoLr.
1570 2837 1618 2866 Ad

905 2891 970 2911 rem
997 2882 1174 2914 familiarem
1199 2882 1451 2923 amplificandum,
1473 2880 1529 2910 cfr.
1550 2879 1575 2919 §.
1598 2880 1616 2908 ι’.

907 2923 1031 2955 Riimo.

906 2970 925 2998 3
943 2967 959 2995 l.
