1824 3171
466 171 545 209 AD
577 168 734 210 SUUM
765 169 1058 210 DEMOSTH.
1090 170 1368 212 PRAEFATT.
1596 176 1655 214 xliv

196 281 304 326 parte
323 285 399 313 non
418 269 548 327 parum
566 274 719 327 ad'jutus
735 290 818 314 sum
835 276 982 313 Ioannis
1002 276 1203 313 Berenardi
1222 275 1410 321 Feliciani,
1432 276 1642 316 doctissimi

196 337 274 383 viri,
303 337 508 387 diligentia,
538 338 603 389 qui
635 338 780 376 curavit
812 345 853 376 ut
883 336 1078 388 exemplar
1111 337 1385 375 Demosthenis
1412 350 1462 374 ex
1494 337 1644 377 officina

197 398 389 437 Francisci
417 400 585 438 Brucioli
614 400 765 445 Veneti,
796 400 898 450 quod
934 399 1152 449 Hervagius
1183 412 1304 449 nuper
1337 399 1536 436 aemulatus
1571 408 1642 446 est,

195 459 322 496 multis
342 460 379 497 in
398 460 492 499 locis
512 462 740 500 haberemus
761 460 986 499 correctius.
1041 461 1269 510 Quanquam
1284 459 1314 496 is
1332 472 1483 509 quoque
1503 467 1643 497 nostrae

194 520 390 559 industriae
416 524 602 573 permulta
628 530 666 562 et
692 522 958 573 investiganda
986 521 1150 572 reliquit,
1181 527 1220 558 et
1248 520 1463 566 divinanda,
1489 534 1574 572 quae
1604 521 1641 558 in

189 583 324 620 nostris
353 584 678 622 Annotationibus
706 584 875 621 indicata
903 582 1042 620 eruditi
1070 581 1222 619 lectoris
1248 581 1395 630 judicio
1424 583 1640 620 committe-

190 657 287 683 mus.
343 646 473 684 Altera
492 653 561 692 est,
583 647 699 697 quod,
721 646 751 682 si
777 644 977 683 difficultas
996 657 1072 681 non
1099 642 1271 694 corrupti
1292 643 1519 693 exemplaris
1539 657 1639 690 esse,

190 707 259 744 sed
278 708 338 745 vel
358 709 573 754 verborum,
594 708 655 746 vel
683 707 850 758 ipsarum
879 718 1004 744 rerum
1024 705 1198 743 videtur:
1230 704 1371 742 nullius
1402 718 1464 742 me
1483 705 1637 751 laboris,

187 769 327 806 nullius
347 782 475 820 operae
490 770 611 820 piget,
630 769 668 806 in
685 767 928 806 consulendis
947 774 986 805 et
999 766 1220 804 evolvendis
1237 765 1388 816 optimis
1409 765 1636 816 quibusque,

187 836 268 867 turn
287 837 471 876 veterum,
503 837 583 868 tum
610 830 834 875 recentium,
866 841 1079 880 graecorum
1105 835 1145 866 et
1172 828 1374 865 latinorum
1405 836 1639 865 commenta-

186 892 271 930 riis:
302 906 373 931 nec
402 893 535 930 doctos
566 893 679 930 etiam
699 893 811 937 viros,
837 891 867 929 si
897 891 1048 929 occasio
1075 890 1200 935 datur,
1230 888 1415 927 sciscitari
1439 889 1637 927 erubesco.

187 955 319 1005 Atque
339 955 481 992 utinam
503 954 704 992 laudabilis
732 954 797 991 illa
817 961 987 991 veterum
1009 952 1250 990 consuetudo
1269 951 1532 996 reduceretur,
1561 964 1636 1001 qua

184 1016 236 1052 illi
253 1029 369 1067 opera
385 1030 466 1062 sua,
485 1017 703 1067 priusquam
722 1016 759 1052 in
785 1015 979 1066 publicum
1000 1016 1221 1059 ederentur,
1239 1014 1277 1052 in
1295 1026 1478 1052 consessu
1498 1014 1634 1051 docto-

185 1091 278 1122 rum,
305 1078 422 1115 libere
451 1078 689 1128 candideque
710 1076 977 1124 judicantium,
1004 1075 1226 1113 recitabant.
1283 1075 1385 1112 Nam
1411 1088 1457 1112 ea
1485 1075 1632 1112 ratione

181 1139 336 1177 infinitae
355 1147 394 1177 et
414 1141 614 1177 verborum
637 1146 678 1176 et
697 1151 825 1175 rerum
844 1136 1000 1188 ineptiae
1020 1137 1241 1173 vitarentur.
1286 1136 1412 1173 Nemo
1433 1136 1532 1173 enim
1552 1144 1632 1174 tam

180 1208 311 1239 acutus
340 1209 410 1246 est,
440 1214 553 1239 nemo
579 1207 655 1238 tam
683 1200 856 1250 vigilans,
886 1199 976 1249 quin
1005 1198 1096 1236 alias
1125 1197 1386 1248 incogitantia,
1414 1197 1506 1234 alias
1526 1197 1632 1247 igno-

179 1263 312 1309 rantia,
334 1270 372 1302 et
388 1277 492 1302 caeco
508 1275 637 1301 amore
657 1262 714 1299 sui
734 1260 1001 1299 hallucinetur.
1059 1259 1138 1298 Sed
1152 1272 1238 1297 cum
1257 1268 1299 1296 ut
1317 1259 1390 1296 alia
1419 1259 1551 1308 multa,
1571 1259 1629 1296 sic

177 1325 252 1362 hoc
272 1338 424 1376 quoque
443 1326 587 1363 bonum
607 1323 709 1361 aetati
729 1329 867 1360 nostrae
888 1322 997 1367 desit,
1012 1334 1087 1359 uno
1104 1328 1308 1359 contentus
1328 1320 1397 1365 fui,
1419 1320 1631 1357 Sebastiano

180 1385 397 1431 castalione,
417 1387 571 1424 homine
592 1385 766 1423 acerrimi
786 1383 940 1434 ingenii,
963 1382 1120 1433 egregia
1151 1382 1264 1418 trium
1295 1381 1511 1431 linguarum
1536 1394 1628 1431 cog·-

175 1447 320 1485 nitione
340 1447 394 1496 (id
412 1448 515 1498 quod
534 1447 650 1498 ipsius
669 1453 918 1483 monumenta
937 1452 976 1482 et
989 1444 1199 1489 declarant,
1217 1450 1256 1480 et
1277 1442 1538 1488 declarabunt,
1558 1456 1626 1479 ne-

175 1522 252 1560 que
272 1509 350 1546 ullo
366 1509 439 1546 alio
460 1521 637 1560 praecone
656 1507 860 1558 indigent),
878 1506 1044 1544 candore
1060 1513 1098 1543 et
1119 1504 1356 1542 humanitate
1376 1504 1570 1554 singulari,
1587 1511 1627 1542 et

174 1570 329 1608 meliore
344 1570 496 1607 fortuna
515 1570 759 1620 liberalisque
778 1566 1177 1619 patronibenignitate
1198 1565 1439 1615 dignissimo:
1460 1566 1536 1615 qui,
1549 1578 1626 1615 qua

176 1639 235 1669 est
249 1632 449 1680 facilitate,
469 1644 538 1681 pro
559 1630 725 1668 amicitia
744 1637 874 1666 nostra
892 1641 969 1665 non
990 1627 1179 1665 recusavit
1208 1626 1382 1664 conferre
1405 1640 1553 1664 mecum
1575 1626 1625 1664 ad

173 1705 343 1743 graecum
365 1691 562 1742 exemplar
582 1703 760 1741 magnam
781 1688 1164 1727 Demosthenicarum
1181 1687 1394 1725 orationum
1409 1694 1563 1738 partem,
1583 1695 1624 1725 et

173 1755 222 1792 de
241 1754 368 1792 multis
387 1753 570 1791 sermonis
589 1753 687 1790 vitiis
715 1765 776 1790 me
806 1751 1014 1796 admonuit,
1035 1763 1120 1800 quae
1150 1763 1236 1800 ego,
1266 1750 1388 1787 fretus
1417 1749 1621 1787 autoritate

171 1816 382 1854 recentium
411 1815 651 1865 scriptorum,
673 1826 833 1864 quorum
855 1813 904 1850 ab
924 1812 1081 1850 ineunte
1112 1819 1226 1848 aetate
1252 1811 1336 1861 plus
1356 1810 1446 1848 satis
1465 1810 1519 1848 fui
1540 1818 1620 1848 stu-

172 1877 311 1923 diosus,
332 1885 420 1915 ante
439 1890 508 1928 pro
528 1876 625 1913 vitiis
645 1889 722 1913 non
748 1875 959 1912 habebam:
991 1887 1092 1911 nunc
1112 1873 1338 1918 admonitus,
1360 1873 1544 1924 pleraque
1564 1872 1620 1910 fa-

170 1939 244 1977 cile
273 1952 407 1977 cavere
436 1952 546 1989 posse
574 1938 717 1975 videor.
773 1937 963 1986 Denique,
983 1935 1048 1973 ubi
1076 1947 1136 1972 me
1163 1935 1248 1972 haec
1284 1934 1411 1972 omnia
1437 1935 1619 1985 praesidia

169 2001 393 2046 destituunt,
413 2014 490 2038 non
508 2000 634 2045 video,
657 2012 726 2037 cur
745 2011 821 2036 non
842 1998 879 2034 in
900 1997 1000 2047 aequi
1019 1996 1173 2034 lectoris
1193 1996 1428 2034 humanitate
1450 1996 1616 2034 certissi-

170 2075 272 2100 mam
291 2062 411 2099 veniae
431 2076 536 2113 spem
555 2062 760 2112 repositam
778 2061 921 2098 habere
943 2061 1129 2098 debeam:
1159 2060 1230 2097 etsi
1250 2059 1445 2105 confitear,
1467 2073 1528 2097 me
1548 2073 1614 2097 ve-

168 2124 227 2161 lut
244 2123 283 2160 in
303 2124 458 2161 salebris
476 2124 635 2160 haerere.
693 2123 736 2159 In
756 2135 831 2172 quo
852 2134 925 2171 ego
944 2121 1107 2158 suaviter
1127 2120 1317 2157 interdum
1339 2133 1470 2157 eorum
1489 2120 1613 2158 ridere

168 2187 273 2233 soleo
289 2187 471 2238 puerilem
492 2185 762 2236 arrogantiam,
782 2184 846 2234 qui
866 2183 1054 2221 inscitiam
1073 2195 1177 2220 suam
1199 2183 1247 2220 ab
1264 2182 1384 2220 acutis
1403 2182 1612 2220 lectoribus

167 2247 414 2299 deprehendi,
435 2261 546 2298 quam
565 2247 733 2297 ingenue
753 2244 938 2289 confiteri,
960 2243 1117 2280 malunt.
1156 2243 1274 2285 Quasi
1294 2256 1386 2281 vero
1408 2251 1612 2294 propterea

164 2309 214 2348 sis
235 2308 587 2360 reprehendendus,
606 2309 636 2345 si
663 2314 751 2359 post
770 2306 977 2344 adhibitam
999 2318 1149 2342 omnem
1169 2305 1420 2355 diligentiam,
1436 2305 1610 2356 quaedam

164 2370 374 2422 ignoraris?
394 2378 459 2408 aut
474 2370 571 2407 ullus
592 2369 744 2407 omnino
763 2368 811 2406 sit
830 2375 940 2406 autor
960 2367 997 2404 in
1016 2374 1177 2417 utraque
1197 2367 1328 2417 lingua
1343 2367 1403 2405 vel
1418 2367 1608 2414 minimus,

166 2434 214 2470 de
235 2436 341 2481 cnjus
357 2432 451 2469 locis
473 2431 614 2481 aliquot
633 2444 710 2468 non
726 2430 775 2467 sit
789 2429 931 2468 homini
950 2428 1141 2478 prudenti,
1160 2436 1198 2465 et
1211 2428 1397 2476 judicium
1419 2442 1494 2466 non
1514 2443 1610 2480 prae-

165 2495 351 2546 cipitanti,
378 2493 657 2531 dubitandum?
687 2492 790 2534 Quid
814 2492 862 2529 de
883 2490 1146 2528 Demosthene
1167 2490 1348 2534 dicemus,
1378 2490 1442 2540 qui
1469 2497 1608 2540 praeter

162 2558 252 2595 loca
271 2557 477 2607 depravata
503 2555 710 2605 complura,
742 2561 819 2591 tam
847 2560 995 2595 acutuS,
1026 2560 1104 2589 tam
1135 2551 1273 2596 brevis,
1304 2558 1381 2588 tam
1409 2551 1605 2596 rotundus,

162 2624 240 2657 tam
273 2618 441 2655 lubricus
461 2624 530 2661 est,
552 2624 594 2653 ut
623 2629 697 2666 ego
726 2615 880 2666 quidem
911 2613 954 2651 iis
971 2615 1169 2664 ignoscam
1189 2613 1254 2663 qui
1274 2614 1356 2662 ejus
1376 2613 1605 2650 sententiam

161 2680 300 2719 alicubi
329 2693 404 2718 non
426 2687 513 2716 sunt
529 2677 712 2715 assecuti:
747 2684 786 2714 et
812 2676 1085 2727 ignoscendum
1114 2675 1205 2711 mihi
1235 2682 1379 2724 putem,
1399 2674 1429 2710 si
1459 2674 1497 2710 in
1526 2681 1604 2711 tam

160 2743 278 2792 longo
307 2755 423 2792 opere
443 2740 647 2791 aliquando
676 2752 828 2777 somnus
847 2737 1070 2789 obrepserit,
1092 2736 1339 2774 diuturnitate
1369 2736 1541 2774 laborum
1562 2742 1601 2772 et

162 2803 373 2853 vigiliarum
394 2801 626 2851 defatigato:
648 2801 686 2837 in
704 2812 844 2851 magna
861 2798 1071 2850 praesertim
1090 2797 1271 2847 temporis
1289 2796 1484 2841 brevitate,
1505 2795 1600 2831 mul-

160 2865 283 2914 tisque
301 2864 564 2901 incommodis.
620 2862 720 2900 Nam
735 2875 819 2899 cum
838 2868 975 2911 praeter
995 2866 1135 2898 caetera
1148 2859 1249 2896 mala
1269 2866 1308 2896 et
1327 2857 1492 2909 negotia,
1513 2869 1598 2906 quae

162 2938 239 2964 non
266 2937 390 2975 pauca
416 2937 488 2963 nec
510 2923 677 2976 opinanti
697 2923 847 2972 obJecta
870 2929 973 2967 sunt,
993 2920 1157 2960 docendi
1180 2932 1240 2958 me
1269 2919 1376 2956 labor
1395 2924 1598 2968 quaternas

217 2997 313 3024 vor..
344 2998 373 3024 1.
942 2983 979 3034 f
