1824 3171
168 112 231 152 civ
485 114 559 155 10.
591 115 840 155 TAYLORI
872 115 1310 155 PROLEGOMENA

165 231 204 253 π.
225 231 386 267 παραπρ.
408 215 486 255 init.
511 226 549 256 ct
578 233 613 256 n.
634 222 723 258 268.
771 220 878 258 Suid.
900 235 934 257 v.
957 219 1166 269 γενέθλιος.
1195 223 1243 261 ab
1265 222 1356 274 Ulp.
1386 234 1454 273 pro
1474 221 1616 262 Coron-

165 292 202 315 n.
228 281 286 316 12.
311 282 374 318 92.
396 295 431 331 p.
455 281 516 318 ed.
541 282 667 319 Lutet.
697 286 780 320 1533.
806 287 891 320 143.
922 286 1010 321 195.
1032 286 1123 321 232.

218 342 456 390 AE.s·‹·ulupiu.s·.
476 344 566 380 Sch.
591 344 678 394 Ulp.
697 345 745 381 ad
764 344 843 381 init.
867 344 1029 394 Philipp.
1052 353 1201 395 quartae
1218 360 1256 397 p.
1278 349 1342 385 29.
1361 345 1421 383 ed.
1444 345 1579 382 Lutet.

217 404 410 442 Dim-orus.
441 405 553 441 Privf.
583 406 619 441 in
644 406 732 456 Ulp.
764 407 980 444 Comment.
1003 407 1216 446 Dioscorus
1242 408 1345 446 idem
1374 407 1422 445 ad
1444 407 1523 445 init.
1547 404 1615 444 IV.

162 464 325 515 Philipp.
350 480 385 516 p.
406 469 470 506 74.
492 467 553 503 cd.
578 467 710 504 Lutet.

213 527 317 564 Zeno.
340 528 421 565 Nos
437 529 486 565 ad
501 528 667 579 Lysiam.
694 529 844 567 Rhetor
859 543 1009 579 graecus
1026 530 1127 582 apud
1142 531 1321 569 Strabon.
1338 531 1362 567 l.
1380 534 1441 568 14.
1463 530 1615 567 Rhetor

159 589 261 639 apud
280 590 416 639 Sulpit.
439 590 585 628 Victor.
616 591 740 629 Instit.
763 592 872 629 Orat.
898 592 1049 630 Suidas.
1113 593 1250 639 Ζήλων
1280 593 1320 644 (f.
1342 593 1492 642 Ζήνων)
1517 594 1535 630 ὁ
1556 608 1618 630 πο-

158 650 415 700 λυνὲρὺλλητος
437 652 592 702 Ulpian.
615 653 663 690 ad
681 653 760 691 init.
783 654 852 692 IV.
877 654 973 692 Phil.

212 713 383 751 Zosimus.
415 715 496 751 Nos
517 715 563 752 ad
584 715 754 767 Lysiam.
788 716 949 767 Scripsit
969 729 1106 754 comm.
1128 717 1166 753 in
1187 717 1391 755 Demosth.
1422 717 1513 754 Vita
1530 717 1613 755 De-

155 775 366 812 mosthenis
388 783 692 827 c‘aeterorumque
709 786 899 816 oratorum
922 779 959 815 in
976 779 1071 816 bibl.
1095 779 1222 830 Regia
1244 779 1363 817 Paris.

208 838 485 887 Lysimachides.
518 840 600 877 Nos
621 841 671 877 ad
692 840 821 892 Lysiae
842 841 950 891 praef.
968 841 1212 878 Valckenaer
1233 841 1439 878 Animadv.
1459 854 1497 891 p.
1518 844 1583 880 94.

207 899 447 937 Illam-ellium
467 902 619 952 scripsit
636 902 890 952 proculdubio
909 903 958 940 de
978 903 1262 941 Demosthene.
1277 916 1312 940 v.
1334 902 1412 940 Vit.
1430 902 1609 954 Thucyd-

153 961 232 998 init.
252 962 432 999 Hudson.
449 963 499 1000 ad
519 963 593 1001 loc.
624 964 714 1002 Vita
732 965 932 1002 Demosth.
950 977 1018 1015 per
1038 965 1245 1002 Zosimum.

206 1023 392 1061 Libum'us.
438 1023 522 1075 [Ad
540 1025 616 1063 hoc
635 1038 771 1063 nomen
793 1026 885 1063 nihil
905 1033 964 1064 est
989 1039 1011 1064 a
1032 1026 1199 1078 Tayloro
1228 1032 1468 1072 annotatum,
1490 1037 1612 1064 vacua

151 1083 285 1122 relicta
305 1086 472 1138 charta]

204 1148 440 1186 Athanasius,
461 1148 589 1187 Schol.
607 1149 657 1186 ad
672 1149 879 1187 Timocrat.
894 1163 931 1186 n.
952 1152 1039 1188 163.
1057 1148 1186 1187 Schol.
1202 1149 1391 1199 Hermog.
1409 1152 1496 1187 146.
1510 1148 1607 1186 alius

148 1209 281 1246 rhetor
301 1223 447 1259 graecus
476 1211 712 1262 Byzantinus
739 1224 876 1248 recens
904 1211 1077 1261 scriptor,
1101 1224 1214 1262 quem
1241 1211 1372 1248 laudat
1394 1211 1526 1249 Baluz.
1556 1209 1608 1247 ad

149 1270 303 1321 Lupum
325 1272 468 1309 Turon.
490 1286 527 1323 p.
545 1276 637 1312 449.
659 1273 807 1324 scripsit
829 1277 943 1312 1641.
967 1287 1000 1311 v.
1028 1274 1140 1311 Fabr.
1160 1274 1205 1310 Β.
1223 1273 1273 1311 G.
1295 1273 1341 1311 T.
1363 1273 1432 1311 IV.
1453 1287 1492 1323 p.
1512 1275 1606 1311 293.

204 1334 298 1370 Theo
315 1334 597 1380 Alexandrinus,
616 1334 718 1372 idem
734 1335 797 1385 qui
819 1335 1059 1373 concinnavit
1082 1337 1436 1387 Progymnasmata.
1467 1335 1575 1374 Suid.

200 1394 401 1433 Numenius
426 1395 575 1433 Rhetor
605 1396 704 1446 Imp.
731 1396 889 1434 Adriani
909 1397 1059 1447 scripsit
1079 1397 1320 1447 Argumenta
1339 1397 1376 1433 in
1397 1396 1603 1434 Demosth.

148 1456 255 1494 Suid.
276 1457 368 1494 item
390 1461 463 1495 τῶν
482 1457 705 1496 Θουκυδίδου
733 1461 792 1496 καὶ
816 1458 984 1510 Ammo-S.
1013 1466 1147 1511 χρειῶν
1167 1461 1406 1508 συναγωγήν.
1434 1472 1468 1496 V.
1490 1458 1604 1497 Fabr-

145 1519 191 1556 B.
209 1519 259 1557 G.
277 1519 323 1556 T.
340 1519 371 1556 I.
392 1533 431 1570 p.
452 1521 543 1560 872.

194 1581 408 1618 Posidonius
421 1581 569 1632 scripsit
588 1583 748 1632 Argum.
769 1582 808 1619 in
829 1583 1040 1620 Demosth.
1065 1582 1172 1622 Suid.

193 1644 462 1681 Eratosthenes.
486 1644 681 1683 Plutarch.
701 1645 739 1682 in
759 1645 849 1682 Vita
869 1645 1075 1684 Demosth-

194 1705 403 1743 Demelrz'us
425 1706 630 1744 Phalereus.
653 1707 754 1745 Plut.
776 1707 870 1746 ibid.

194 1770 431 1819 Epiphanius.
465 1769 595 1808 Schol.
619 1771 668 1808 ad
693 1785 748 1808 or.
769 1771 816 1808 de
838 1784 979 1809 corona
997 1784 1034 1809 n.
1059 1774 1118 1809 12.
1142 1771 1203 1808 ed.
1227 1770 1599 1824 Benenati‚’E71-t‹j)a'-

136 1848 214 1875 νιος
231 1833 249 1869 ὁ
270 1833 436 1886 τεχνικὸς
459 1832 589 1870 Schol.
610 1832 647 1869 in
667 1834 925 1872 Cherrhones.
944 1834 1026 1871 init.
1043 1848 1079 1884 p.
1101 1837 1168 1872 94.
1193 1837 1280 1871 133.
1299 1834 1359 1871 ed.
1382 1834 1514 1872 Lutet.

192 1894 378 1930 Diodorus
391 1894 533 1931 Valerii
552 1894 732 1932 Pollionis
749 1894 860 1941 filius,
878 1895 970 1932 vixit
986 1897 1056 1933 sub
1074 1894 1246 1932 Adriano
1263 1902 1302 1932 et
1317 1895 1471 1946 scripsit
1491 1909 1598 1934 enar-

137 1955 324 1993 rationem
348 1955 523 1993 locorum
544 1956 810 2006 difficilimum,
831 1971 917 2007 quae
938 1957 976 1994 in
992 1958 1046 1996 D.
1069 1970 1142 1994 orr.
1163 1956 1417 1994 inveniuntur.
1441 1957 1546 1996 Suid.
1562 1971 1599 1996 V.

135 2017 299 2054 Πωλίων
320 2024 358 2055 et
374 2017 568 2069 Διόδωρος.
588 2032 624 2055 v.
648 2018 762 2055 Praef.
779 2019 922 2069 Lysiae.

187 2080 450 2128 Harpocrut‘iO.
509 2080 625 2117 Caius
645 2080 706 2118 vel
727 2080 849 2118 AElius
871 2081 1114 2131 Η31Ῥο01·.ν.
1134 2079 1252 2117 Praef.
1276 2079 1419 2131 Lysiae.

190 2141 320 2191 Caput
346 2141 439 2179 XII.
499 2141 676 2179 Contenta
708 2144 893 2180 voluminis
917 2144 1044 2192 quinti.
1075 2144 1138 2193 [ex
1160 2142 1328 2179 editione
1348 2148 1453 2192 puta,
1477 2155 1592 2193 quam

136 2202 279 2253 Taylor
308 2203 568 2253 Cantabrigiae
600 2203 796 2254 parabat]
856 2203 1022 2254 Dionys.
1055 2203 1182 2241 Halic.
1215 2203 1265 2240 ad
1286 2204 1502 2240 Ammaeum
1532 2217 1591 2254 gr.

131 2264 197 2301 lat.
220 2277 306 2302 cum
328 2264 442 2302 notis.
502 2265 589 2302 NB.
611 2279 647 2315 q.
665 2266 713 2302 de
736 2265 863 2303 δεινοτ.
882 2274 945 2303 τοῦ
958 2265 1125 2316 Δημοσὲ.
1178 2265 1342 2303 Lucian.
1359 2265 1448 2303 ibid.
1471 2265 1591 2304 Wolf.

132 2333 232 2362 notae
262 2340 299 2376 p.
325 2329 438 2364 1194.
467 2333 506 2363 et
531 2330 644 2364 1444.
714 2327 941 2364 Plutarchus
973 2340 1023 2364 ex
1059 2327 1255 2365 Parallelis
1282 2326 1400 2365 Wolf.
1430 2327 1522 2364 Not.
1552 2340 1589 2378 p.

132 2390 246 2426 1188.
269 2395 306 2425 et
327 2392 440 2426 1443.
471 2388 559 2426 add.
581 2389 740 2426 Barton.
764 2390 906 2439 Bryan.
931 2389 1095 2427 Casaub.
1115 2389 1206 2426 MS.
1229 2388 1371 2426 Ruald.
1390 2388 1588 2426 Plutarch.

130 2449 168 2486 in
190 2450 266 2486 Vit.
301 2453 360 2487 10.
392 2458 531 2487 orator.
555 2450 668 2487 Wolf
696 2464 731 2500 p.
772 2454 1021 2489 1193.1444.
1093 2450 1282 2487 Benenati
1316 2449 1500 2486 Libanius
1538 2449 1589 2486 ad

132 2510 337 2548 Montium.
369 2511 455 2548 NB.
488 2511 577 2548 MS.
601 2512 698 2549 Coll.
721 2512 889 2549 Gonvill.
921 2512 1035 2549 Wolf
1048 2526 1084 2562 p.
1110 2515 1224 2552 1187.
1249 2515 1362 2549 1444.
1394 2511 1586 2550 Benenat.

132 2572 317 2620 Ejusdem
341 2573 537 2623 Apologia
569 2573 845 2610 Demosthenis
877 2573 1049 2611 Photius.
1084 2573 1222 2611 Suidas
1252 2580 1321 2610 ter.
1346 2586 1381 2610 v.
1410 2572 1525 2610 Wolf
1546 2586 1585 2623 p.

131 2637 247 2672 1200.
305 2633 493 2672 Eudocia.
525 2635 712 2672 Zosimus.
747 2637 943 2686 Anonym.
976 2635 1067 2673 MS.
1098 2635 1230 2673 Lutet.
1263 2634 1374 2671 Fabr.
1397 2634 1443 2672 B.
1464 2633 1515 2671 G.
1538 2633 1585 2671 T.

130 2694 240 2732 XIV.
276 2709 311 2745 p.
335 2698 396 2734 15.
453 2696 517 2732 De
540 2696 716 2733 AEschinc
750 2696 947 2734 Plutarch.
983 2696 1019 2732 iu
1042 2697 1090 2733 V.
1112 2698 1162 2734 X.
1184 2709 1238 2733 or.
1260 2694 1374 2732 Wolf
1396 2709 1431 2746 p.
1467 2697 1583 2733 1200.

130 2756 395 2794 Philostratus.
447 2757 730 2807 Hermogenes.
774 2757 933 2794 Photius
966 2757 1035 2795 bis.
1082 2758 1220 2796 Suidas
1258 2757 1329 2794 bis.
1388 2756 1582 2794 Eudocia.

128 2818 357 2868 Apollonius
378 2818 490 2856 Wolf
514 2823 579 2857 41.
629 2819 716 2857 NB.
739 2819 904 2856 Palmer.
934 2833 971 2869 p.
1002 2823 1094 2858 649.
1142 2819 1255 2857 Wolf
1281 2819 1372 2857 Not.
1402 2832 1438 2870 p.
1464 2821 1579 2858 1200.

127 2881 266 2919 Incerti
286 2881 479 2937 Αἰσχίνης
511 2882 588 2924 υἱὸς
608 2883 678 2932 μὲν
700 2881 743 2927 ἧν
761 2881 949 2920 1’1”011’4·1.
969 2881 1059 2921 Not.
1081 2896 1118 2934 p.
1137 2885 1251 2921 1200.
1302 2882 1398 2920 Ven.
1417 2881 1583 2920 Hierone
