1824 3171
580 159 656 198 AD
686 157 1152 198 DEMOSTHENEM.
1460 162 1592 202 clxxix

137 269 302 310 mutent,
328 267 367 300 et
389 261 445 299 sic
466 272 509 298 se
539 259 816 297 Demosthenis
838 260 964 299 ferant
989 260 1233 312 interpretes,
1256 275 1392 314 reapse
1413 264 1488 302 sint
1513 266 1593 316 pla-

136 325 259 375 giarii.
314 321 539 372 Exspirabit
566 320 606 359 in
633 320 820 370 eJusmodi
848 321 1002 373 ineptiis
1033 330 1073 361 et
1097 322 1299 362 titivillitiis
1319 325 1441 364 omnis
1459 338 1593 365 eorum

129 386 241 425 circa
260 383 569 423 Demosthenem
587 382 810 435 germanice
825 383 1068 423 reddendum
1085 385 1235 423 molitio
1248 384 1416 437 puerilis.
1445 387 1592 427 Facere

133 455 263 487 tamen
290 458 372 484 non
399 453 598 498 poterunt,
629 458 707 497 quo
734 445 858 484 minus
885 454 1039 486 constet
1066 447 1166 485 inter
1194 461 1341 494 omnes,
1369 455 1409 485 et
1427 460 1489 486 res
1508 449 1593 500 ipsa

132 509 286 555 clamet,
307 520 389 553 eos,
420 508 452 546 si
482 508 546 559 qui
567 514 691 556 erunt,
711 507 804 546 vitio
823 521 847 546 a
866 516 990 547 semet
1019 516 1170 549 creatos
1191 509 1424 561 interpretes
1446 509 1592 548 Demo-

128 568 273 607 sthenis
291 570 521 608 vernaculos
541 583 563 608 e
582 582 671 609 mea
704 570 860 608 demum
892 569 1210 623 interpretatione
1241 570 1418 610 didicisse
1448 571 1594 610 Demo-

126 630 304 669 sthenem
337 630 555 683 intelligere
585 640 701 684 atque
733 639 971 671 convertere.
1028 634 1132 673 Ante
1161 646 1224 672 me
1250 647 1367 673 nemo
1396 633 1446 672 de
1476 634 1592 673 Dem.

127 692 354 742 germanice
373 694 575 733 reddendo
596 694 794 745 cogitavit,
815 702 905 745 post
923 708 985 734 me
1006 702 1117 733 erunt
1133 696 1270 747 procul
1286 694 1416 741 dubio,
1435 694 1499 746 qui
1515 708 1594 733 cer-

126 754 236 793 tatim
255 767 343 792 eum
363 756 545 794 reddant.
577 756 658 794 Sed
673 756 722 794 de
738 756 888 794 voculis
908 756 1009 794 inter
1023 769 1066 795 se
1086 757 1338 803 contendent,
1354 769 1437 795 rem
1459 769 1592 794 omnes

125 816 218 854 mihi
238 816 448 856 debebunt.
506 817 665 856 Interim
685 831 726 856 se
741 830 876 863 novos,
898 825 950 864 et,
972 817 1004 855 si
1024 818 1081 857 dis
1101 819 1248 870 placet,
1268 818 1447 856 meliores
1465 818 1594 856 ferent

124 878 380 930 interpretes3
409 887 449 918 et
466 893 490 918 a
507 880 706 919 venalibus
727 879 1028 931 Ephemeridum
1047 880 1317 930 scriptoribus,
1339 893 1503 930 quorum
1523 886 1593 918 aut

123 939 260 987 fames,
282 949 349 979 aut
367 941 523 988 invidia,
543 949 612 980 aut
630 940 767 992 gratia,
788 948 855 979 aut
869 940 1040 979 studium
1058 941 1226 993 partium
1241 941 1323 992 agit
1341 948 1381 980 et
1400 942 1593 992 gubernat

123 1002 280 1053 stylum,
299 1003 476 1040 laudibus
497 1003 536 1040 in
556 1003 696 1041 coelum
716 1001 938 1041 efferentur.
995 1005 1104 1045 Quos
1124 1003 1309 1054 equidem
1329 1011 1369 1041 et
1394 1003 1465 1041 sibi
1485 1002 1589 1053 ipsos

123 1064 294 1115 placere,
321 1071 362 1102 et
381 1066 429 1102 ab
455 1064 538 1102 aliis
559 1064 820 1103 commendari
839 1064 957 1103 facile
976 1065 1116 1116 patiar,
1136 1078 1265 1103 meum
1294 1078 1390 1117 opus
1419 1064 1591 1103 examini

123 1125 434 1176 intelligentium,
467 1133 508 1164 et
537 1126 586 1164 ab
619 1126 737 1164 animi
765 1126 1116 1177 perturbationibus
1145 1139 1325 1165 sanorum
1354 1126 1588 1177 relinquens,

124 1187 344 1225 mercedem
356 1186 554 1226 benefacti
565 1187 685 1233 adeo,
703 1193 744 1225 et
759 1200 782 1224 a
796 1187 1034 1226 conscientia
1044 1187 1174 1226 serens
1189 1200 1278 1227 mea
1292 1187 1382 1226 satis
1394 1199 1589 1237 magnam,

123 1248 277 1287 tametsi
296 1248 473 1289 homines
485 1256 553 1289 aut
569 1248 688 1297 stulti,
702 1254 768 1288 aut
782 1248 962 1301 imperiti,
978 1256 1045 1289 aut
1060 1249 1171 1289 exosi
1184 1262 1246 1289 me
1261 1249 1428 1301 mihique
1442 1248 1588 1295 infesti,

123 1316 284 1362 negent.

679 1475 847 1519 SECT.
880 1475 1030 1518 XIII.

473 1581 534 1621 De
563 1584 839 1621 Commentariis
866 1583 905 1620 in
932 1582 1226 1625 Demosthenem.

173 1682 576 1722 COMMENTATORES
597 1685 636 1722 in
664 1683 971 1723 Demosthenem
997 1683 1225 1723 recentioris
1252 1682 1322 1721 aevi
1349 1681 1476 1719 nullos
1495 1681 1581 1718 novi

120 1752 265 1796 praeter
284 1758 365 1793 eos,
384 1760 479 1797 quos
495 1747 575 1796 jam
596 1745 803 1792 nominavi,
825 1745 1024 1792 Wolfium,
1055 1745 1281 1797 Taylorum,
1311 1743 1377 1795 qui
1397 1743 1476 1781 duo
1495 1750 1585 1781 sunt

120 1806 328 1857 principes,
349 1814 389 1845 et
408 1807 503 1846 istos
523 1807 680 1845 minoris
711 1806 921 1858 dignitatis,
941 1806 1246 1852 Lucchesinum,
1271 1804 1524 1849 Tourellium,
1547 1810 1588 1841 et

121 1866 353 1906 Lelandum.
410 1869 514 1906 Nam
543 1868 745 1914 Schottus,
774 1868 937 1914 Petitus,
965 1868 1158 1914 Valesius,
1189 1866 1410 1911 Salmasius,
1430 1864 1585 1903 tametsi

120 1928 230 1968 locos
250 1930 530 1968 Demosthenis
549 1931 695 1967 multos
716 1936 994 1981 exposuerunt,
1015 1937 1146 1968 tamen
1166 1928 1351 1980 professis
1370 1927 1588 1978 interpreti-

120 1990 194 2028 bus
218 1991 323 2028 haud
340 1991 518 2029 videntur
547 1991 839 2029 annumerandi.
893 1992 1083 2030 Veterum
1110 1991 1205 2028 nulli
1233 1991 1284 2029 ad
1312 2003 1383 2027 nos
1402 2002 1588 2040 pervene-

120 2060 210 2090 runt
230 2052 267 2089 in
287 2053 495 2092 Demosth.
512 2052 794 2100 commentarii,
808 2060 950 2104 praeter
962 2054 1040 2100 illa,
1058 2067 1146 2104 quae
1166 2054 1236 2091 sub
1258 2051 1415 2103 Ulpiani
1430 2051 1586 2089 nomine

121 2115 457 2162 circumferuntur,
477 2115 709 2167 fragmenta,
728 2115 804 2154 alia
818 2115 858 2153 in
877 2115 959 2154 aliis
977 2115 1189 2161 codicibus,
1205 2114 1329 2166 plura,
1343 2113 1586 2165 pauciorave‚

120 2168 315 2215 deteriora
334 2185 400 2215 aut
415 2177 587 2216 meliora.
637 2175 756 2214 Multi
777 2176 866 2214 olim
878 2177 1024 2216 scholia
1038 2178 1078 2215 in
1098 2177 1218 2215 Dem.
1234 2177 1437 2227 scripsere.
1492 2174 1587 2213 Me-

117 2238 228 2276 minit
248 2238 461 2290 Dionysius
488 2239 691 2278 Halicarn.
719 2239 966 2288 {Callimachi
992 2239 1154 2287 alicujus
1182 2237 1324 2277 vetusti
1353 2236 1585 2276 enarratoris

121 2301 237 2340 Dem.
268 2303 322 2340 II.
345 2303 435 2343 171.
455 2305 494 2342 6.
524 2315 546 2340 e
574 2315 650 2353 quo
678 2301 766 2339 loco
792 2309 916 2353 paret,
940 2305 1023 2351 jam
1051 2301 1230 2353 Dionysii
1249 2306 1363 2339 aetate
1383 2299 1585 2339 conditum
1637 2300 1641 2304 “

119 2363 241 2402 fuisse
259 2363 376 2410 hunc,
397 2377 514 2415 quem
537 2363 652 2402 hodie
680 2363 880 2410 habemus,
909 2363 1018 2415 quasi
1047 2376 1236 2402 canonem
1263 2362 1471 2402 Demosth.
1499 2374 1586 2400 ora-

119 2419 302 2464 tionum.'
336 2426 533 2465 Fabricius
561 2426 662 2463 Bibl.
695 2426 767 2464 Gr.
789 2425 839 2465 T.
868 2426 901 2464 I.
930 2439 967 2477 p.
995 2428 1089 2472 928,
1120 2425 1190 2463 hos
1219 2429 1497 2464 commemorat
1524 2423 1585 2462 his

121 2488 248 2527 verbis
290 2487 423 2539 [Coelii
454 2487 647 2527 Calactini
677 2487 797 2526 Siculi
825 2486 988 2526 rhetoris
1018 2487 1213 2539 σύγκρισις
1241 2485 1505 2538 Δημοσθένους
1525 2488 1587 2523 καὶ

120 2551 343 2601 Κικέρωνος.
366 2550 558 2601 σύγκρισις
578 2548 675 2600 Δημ.
696 2550 755 2586 καὶ
769 2550 974 2601 Αἰσχίνου.
986 2548 1086 2588 liber
1100 2549 1180 2600 περὶ
1194 2547 1472 2599 Δημοσθένους,
1486 2552 1587 2584 ποῖοι

122 2614 235 2650 αὺτοῦ
255 2613 363 2660 λόγοι
383 2616 533 2660 γνήσιοι
553 2613 611 2648 καὶ
629 2616 728 2649 ποῖοι
747 2610 866 2657 νόθοι,
885 2618 968 2648 tum
986 2611 1238 2663 ὑπομνήματα
1267 2608 1413 2647 Zosimi
1433 2608 1585 2654 Gazaei‚

122 2673 292 2712 Zenonis
311 2673 441 2719 Zitiei,
465 2686 543 2711 non
573 2673 795 2712 Stoicorum
822 2672 1018 2724 principis,
1046 2672 1118 2710 sed
1141 2671 1319 2718 rhetoris,
1344 2678 1384 2709 et
1414 2671 1586 2709 Sallustii

124 2735 306 2785 sophistae
325 2734 365 2772 in
394 2735 714 2781 Demosthenem,
734 2747 895 2785 quorum
913 2733 1086 2772 meminit
1108 2733 1248 2772 Suidas
1269 2731 1585 2784 interciderunt]

126 2795 241 2833 Wolf
252 2796 290 2834 in
315 2796 542 2847 praefatione
571 2797 621 2834 ad
650 2796 806 2847 Ulpiani
835 2795 1141 2835 commentarios.
1174 2794 1278 2846 [Sed
1305 2808 1395 2834 cum
1423 2795 1588 2833 aliorum

127 2857 377 2907 complurium
396 2858 521 2896 editos
540 2858 578 2895 in
594 2857 899 2896 Demosthenem
915 2857 1226 2902 commentarios,
1248 2856 1313 2908 qui
1332 2869 1435 2906 saepe
1455 2855 1494 2892 in
1513 2855 1588 2892 hoc

128 2931 244 2970 opere
265 2918 440 2967 citantur,
460 2923 566 2970 eujiis
585 2919 691 2958 modi
711 2928 799 2958 sunt
831 2918 1001 2972 Apsinis,
1024 2919 1239 2966 Genethlii,
1260 2916 1470 2968 AEsculapii
1491 2916 1586 2955 Ale-
