1824 3171
118 77 246 117 lxxxiv
689 72 723 110 Ι.
754 71 1010 111 TAYLORI

116 190 248 218 verum
268 184 310 221 ut
329 177 456 229 palam
475 175 726 221 declararem,
742 175 782 213 id
801 173 903 226 quod
921 187 1008 212 mea
1026 170 1198 212 conditio
1213 170 1367 223 patitur,
1387 175 1428 207 et
1446 181 1572 206 mores

118 241 330 294 postulant,
359 253 422 277 me
441 239 581 278 nullius
601 238 756 276 omnino
777 236 971 282 beneficii,
991 234 1119 286 qualia
1146 233 1266 271 multa
1290 232 1329 269 in
1358 243 1419 268 me
1439 237 1572 268 contu-

117 303 209 348 listi,
244 314 357 354 posse
390 313 473 340 esse
502 300 775 338 immemorem.
832 296 1014 335 Omnium
1041 303 1170 333 mitem
1198 293 1412 338 novissime,
1440 290 1574 342 gratiae

119 363 218 403 Tuae
237 371 278 402 et
303 360 626 402 commendationi
646 360 786 404 debeo,
807 358 911 409 quod
931 358 976 395 iis
1005 356 1169 406 adjutus,
1190 362 1339 394 tantum
1357 353 1459 405 apud
1479 351 1577 404 opti·

119 438 225 465 mum
244 424 448 476 praesulem
468 421 797 466 Lincolniensem,
818 433 967 458 morum
996 427 1036 457 et
1055 417 1259 457 sanctitate
1280 417 1420 468 pariter
1441 424 1481 455 et
1499 417 1578 454 ele-

121 487 252 540 gantia
278 485 544 538 spectabilem,
565 483 745 529 valerem,
766 489 806 519 ut
839 494 996 520 munere
1023 481 1088 519 illo
1113 479 1339 524 honorifico,
1365 491 1440 528 quo
1460 477 1577 516 hodie

120 550 225 602 apud
239 563 327 589 eum
348 548 502 598 fungor,
523 558 583 583 me
604 557 747 596 augere
767 544 1012 595 dignaretur:
1033 544 1143 594 cujus
1162 541 1310 580 ratione
1331 539 1371 577 id
1391 539 1481 576 mihi
1501 551 1578 576 non

121 612 246 652 solum
273 610 444 649 oblatum
465 614 523 646 est
550 606 721 656 honoris,
747 613 789 643 ut
822 606 860 643 in
888 608 969 654 ejus
999 612 1038 644 et
1063 615 1239 643 curarum
1270 608 1310 639 et
1335 600 1579 639 consiliorum

122 674 229 727 quasi
250 671 556 712 communionem
577 668 726 707 admitti
747 668 1006 719 contingeret,
1026 679 1158 705 verum
1179 664 1292 702 etiam
1317 661 1511 707 beneficii,
1539 668 1581 699 ut

122 744 268 776 tantam
288 733 493 773 amicitiam
514 731 706 777 excolere,
728 738 768 768 et
785 730 965 768 virtutem
980 729 1132 782 propius
1147 725 1281 765 imitari
1298 725 1448 763 liceret.

178 798 290 843 Vale,
310 796 379 833 Vir
399 792 665 832 Nobilissime.
720 792 776 831 Ut
794 792 980 843 gaudeas,
1006 799 1123 842 utque
1152 801 1232 827 rem
1261 788 1362 826 bene
1382 798 1507 837 geras,
1529 797 1581 823 ex

125 860 254 899 animo
276 864 544 908 comprecatur

182 919 395 971 Dignitatis
412 918 522 963 Tuae,
540 914 696 954 honoris
711 922 829 966 atque
845 913 1088 952 excellentiae
1103 908 1413 955 studiosissimus,

345 1012 510 1063 Tibique
530 1010 631 1048 omni
652 1008 860 1048 officiorum
881 1021 1022 1060 genere
1043 1004 1364 1051 devinctissimus,

218 1118 245 1147 ¹³
248 1113 674 1196 ³¹³²¹03¹2113ss¹5¹55ss¹1211¹12b³¹h
954 1126 1255 1167 IOHANNES
1286 1124 1533 1164 TAYLOR.

136 1202 359 1235 Decembribus
385 1201 472 1231 Anno
500 1198 764 1230 MDCCXLVII.

492 1441 886 1493 IOHANNES
924 1441 1236 1491 TAYLOR

410 1554 575 1591 Tertium
602 1553 691 1590 hunc
720 1551 975 1590 Demosthenis
993 1551 1139 1588 Tomum
1159 1550 1328 1588 Lccturis

852 1651 885 1676 s.

195 1731 304 1772 QUAE
323 1728 509 1780 praefatus
530 1739 614 1764 sum
643 1724 746 1770 olim,
775 1736 862 1761 cum
881 1724 1113 1776 Leptineam
1133 1724 1171 1762 in
1190 1724 1388 1776 publicum
1408 1724 1529 1770 emisi,
1550 1737 1597 1763 ea

116 1816 118 1819 -
141 1792 222 1830 fere
237 1790 366 1829 omnia
382 1789 447 1828 hic
466 1787 681 1840 repetenda
700 1798 786 1824 esse
806 1786 981 1825 arbitror.
1038 1788 1138 1825 Nam
1159 1787 1215 1824 uti
1236 1794 1343 1831 tunc,
1366 1787 1457 1838 quid
1477 1787 1516 1824 in
1535 1801 1597 1827 me

141 1851 400 1906 praestandum
421 1849 648 1901 receperim,
668 1848 722 1885 ita
741 1847 870 1893 hodie,
891 1848 985 1899 quid
1003 1848 1268 1900 praestiterim3
1297 1848 1486 1900 simulque
1506 1849 1599 1900 quid

145 1928 207 1952 me
232 1913 463 1965 impelleret,
483 1918 526 1949 ut
546 1910 699 1949 insolito
723 1910 800 1947 hoe
828 1910 961 1948 ordine
982 1910 1123 1949 edendi
1150 1918 1293 1955 uterer,
1314 1910 1379 1961 qui
1407 1912 1600 1950 nonnullis

144 1982 404 2028 praeposterus
423 1973 543 2011 videri
564 1978 704 2024 potest,
723 1971 762 2009 id
785 1971 918 2022 utique
939 1973 1125 2010 lectorem
1147 1972 1340 2010 eruditum
1359 1973 1455 2011 meis
1474 1974 1602 2012 verbis

144 2050 301 2089 oequum
329 2044 388 2075 est
416 2034 584 2074 edoceri.
642 2034 718 2076 Qui
752 2033 930 2085 profecto
964 2034 1102 2072 eadem
1133 2047 1252 2086 opera
1285 2034 1485 2085 intelliget,
1516 2048 1602 2074 eam

147 2099 387 2144 methodum,
407 2110 523 2149 quam
550 2103 630 2135 tum
660 2095 752 2133 mihi
781 2095 819 2133 in
847 2095 923 2134 hoc
954 2109 1070 2148 opere
1101 2096 1346 2147 exsequendo
1375 2097 1600 2148 praescripsi,

145 2164 226 2213 jam
244 2161 410 2200 maxima
427 2160 505 2198 fide
523 2166 563 2197 et
581 2157 766 2208 religione
787 2170 810 2195 a
830 2171 891 2196 me
911 2171 1004 2222 esse³
1017 2159 1273 2196 observatam.

202 2282 301 2320 Earn
321 2280 446 2332 igitur,
467 2292 583 2332 quam
602 2278 696 2325 dixi,
717 2278 928 2316 orationem
947 2278 1104 2329 prodire
1117 2277 1227 2327 jussi,
1249 2286 1288 2316 et
1317 2291 1340 2317 a
1359 2278 1530 2317 studioso
1548 2278 1605 2318 le·

152 2352 263 2384 ctore
278 2343 432 2389 versari,
444 2350 487 2380 ut
499 2342 735 2393 perspiceret
751 2354 879 2379 meum
899 2340 937 2378 in
955 2341 1013 2379 his
1031 2341 1269 2380 Auctoribus
1286 2341 1509 2392 evulgandis
1529 2350 1608 2381 stu·

154 2408 257 2446 dium
278 2414 317 2444 et
333 2405 556 2444 consilium:
585 2411 628 2442 ut
646 2405 809 2442 haberet
826 2403 1023 2441 industriae
1043 2417 1140 2441 mete
1160 2403 1267 2454 quasi
1295 2403 1434 2454 pignus
1454 2404 1608 2454 aliquod

154 2475 194 2507 et
219 2476 418 2513 tesseram,
446 2467 546 2504 unde
566 2466 876 2518 experimentum
905 2478 1044 2516 capere
1071 2465 1272 2517 potuisset,
1292 2465 1384 2516 quid
1412 2466 1461 2503 de
1479 2466 1609 2506 futura

156 2531 326 2568 editione
353 2529 657 2580 exspectandum
675 2528 799 2566 foret:
831 2527 996 2565 maxime
1025 2540 1117 2565 vero
1141 2527 1322 2572 omnium,
1344 2533 1385 2563 ut
1405 2527 1499 2564 illud
1518 2541 1609 2565 con-

157 2599 290 2637 staret,
323 2591 354 2628 si
374 2591 510 2641 quibus
529 2591 615 2628 haec
640 2603 726 2628 mea
754 2603 872 2639 opera
891 2597 958 2627 aut
983 2588 1262 2639 intempestiva,
1284 2596 1351 2626 aut
1380 2602 1455 2626 non
1476 2603 1611 2628 neces-

157 2655 257 2692 saria
276 2666 359 2691 esse
380 2653 588 2698 videretur,
615 2665 669 2690 sc.
689 2665 767 2689 non
795 2652 981 2689 hactenus
1001 2651 1189 2702 prodiisse
1221 2650 1428 2688 editionem
1458 2651 1611 2691 Demo-

161 2728 348 2755 STHENI&
370 2728 431 2765 ca,
451 2727 528 2765 qua
545 2727 612 2765 par
633 2721 727 2759 crat,
749 2714 826 2752 fide
847 2721 886 2752 ct
906 2713 1102 2764 diligentia
1124 2712 1391 2750 emaculatam.

217 2836 317 2874 Num
339 2847 426 2872 cum
456 2847 598 2880 earum,
626 2846 714 2884 quae
744 2832 835 2871 olim
856 2832 1142 2879 emittebantur,
1165 2832 1361 2884 pleraeque
1383 2846 1431 2870 ex
1456 2834 1556 2873 sanis
1576 2843 1612 2874 ct
