1824 3171
456 139 530 178 AD
564 139 725 180 SUUM
756 139 1054 179 DEMOSTH.
1084 140 1328 180 PRAEFAT.
1471 143 1617 183 lxxxvii

209 239 301 279 Non
331 248 460 280 autem
490 243 706 283 inconsulto
737 244 860 295 prima
889 242 1088 294 egreditur
1114 242 1199 281 haec
1228 244 1444 282 orationum
1475 245 1619 283 Demo-

153 302 409 341 sthenicarum
428 304 576 352 divisio,
591 318 705 357 quam
723 305 888 344 Wolfius
918 304 1067 343 tertiam
1095 305 1319 350 eonstituit3
1349 306 1386 343 in
1407 319 1483 356 qua
1502 307 1618 344 etiam

153 370 265 414 parte
283 373 424 403 nostrae
445 366 589 417 pariter
619 368 797 406 editionis
819 368 974 405 demum
1005 366 1078 404 erit
1106 367 1341 416 reponenda.
1400 367 1559 405 Scilicet
1577 368 1619 405 id

154 424 297 461 factum
318 433 376 463 est
397 427 624 466 auctoritate
645 428 990 480 praecellentissimi
1010 434 1126 478 atque
1146 428 1429 466 honoratissimi
1446 428 1540 474 Viri,
1558 429 1619 466 cui

155 498 233 522 non
252 487 374 524 solum
395 496 554 528 cunctas
585 491 701 539 hujus
731 489 921 535 editionis,
951 502 1084 527 verum
1115 489 1230 527 etiam
1259 490 1348 527 vitae
1377 502 1476 527 meae
1505 496 1620 539 atque

155 545 267 584 officii
295 548 464 587 rationes
493 551 629 589 merito
658 565 727 589 suo
756 551 923 589 maximo
955 551 1092 588 lubens
1121 550 1319 589 submitto.
1388 551 1488 589 Cum
1519 550 1621 588 enim

156 609 418 660 unusquisque
447 618 571 650 tomus
604 613 742 651 seriem
777 612 991 650 orationum
1012 612 1306 663 complectatur,
1329 625 1416 664 quae
1437 620 1477 650 et
1505 624 1620 662 argu-

155 669 275 706 menti
296 678 445 717 natura,
478 686 679 712 causarum
707 674 854 712 ratione
888 681 929 711 et
958 686 1103 723 genere
1137 674 1272 711 orandi
1301 686 1324 712 a
1354 672 1503 711 caeteris
1533 679 1623 710 sunt

155 729 358 779 distinctae,
378 740 418 771 ct
438 734 514 772 suis
538 736 645 785 quasi
674 735 856 773 limitibus
889 734 1213 785 circumscriptae3
1243 742 1282 772 et
1309 748 1444 786 parum
1471 734 1621 772 idcirco

154 792 328 838 referret,
350 807 425 844 quo
456 795 589 835 ordine
618 809 932 847 unumquemque
963 803 1030 833 aut
1050 795 1151 847 typis
1172 797 1410 843 mandarem,
1427 802 1494 834 aut
1513 795 1623 834 deni-

155 867 231 904 que
252 855 496 906 evulgarem:
527 870 613 896 cum
633 858 723 904 hoc,
742 859 913 909 inquam,
934 864 1036 895 esset
1055 857 1261 908 integrum,
1286 858 1376 896 ideo
1402 857 1538 896 maluit
1552 856 1622 894 Vir

154 916 424 965 nobilissimus,
443 925 486 957 ut
499 920 569 958 has
597 920 790 959 orationes
820 919 1035 958 emitterem
1064 920 1219 971 primas,
1245 933 1345 971 quae,
1365 932 1451 957 cum
1472 918 1623 957 caeteris

155 978 262 1016 nullo
287 992 430 1029 genere
457 981 580 1019 laudis
611 982 765 1028 cedant,
795 988 875 1020 tum
907 982 1023 1020 etiam
1051 981 1240 1030 ejusmodi
1265 981 1352 1028 sint,
1380 988 1423 1019 ut
1450 980 1623 1019 novitate

156 1041 323 1092 quadam
352 1042 541 1081 lectorem
572 1045 765 1082 eruditum
798 1043 990 1081 delectare
1021 1042 1181 1094 possint.
1250 1043 1407 1081 Accidit
1436 1042 1551 1088 enim,
1585 1041 1625 1080 id

155 1102 259 1152 quod
284 1102 430 1141 infinita
449 1104 530 1142 fere
551 1105 787 1156 experientia
807 1105 1070 1155 cognovimus,
1102 1111 1146 1141 ut
1171 1105 1431 1156 unusquisque
1456 1117 1557 1156 pene
1586 1105 1624 1142 in

153 1164 198 1202 iis
222 1165 468 1211 orationibus,
492 1180 579 1218 quae
606 1180 727 1219 remp.
751 1173 789 1206 et
808 1166 973 1206 civitatis
992 1166 1159 1204 rationes
1180 1174 1370 1218 spectant,
1407 1173 1624 1217 occupatus

153 1233 194 1265 et
209 1227 317 1278 quasi
337 1228 543 1267 conclusus
560 1229 825 1274 detineretur3
853 1229 1072 1281 paucissimi
1093 1237 1223 1267 autem
1242 1229 1375 1267 nescio
1392 1242 1469 1280 qua
1487 1228 1626 1267 inertia

154 1302 196 1327 se
216 1289 380 1340 produci
407 1290 577 1329 sinerent
605 1292 667 1330 vel
696 1292 745 1330 ad
774 1291 1114 1342 contemplandam
1145 1304 1231 1329 eam
1251 1291 1517 1337 subtilitatem,
1536 1303 1625 1341 quae

154 1351 194 1389 in
214 1351 405 1403 Leptinea
431 1353 623 1400 enitescit,
640 1354 702 1392 vel
729 1354 918 1405 impetum
936 1353 1045 1390 illum
1066 1359 1105 1391 et
1125 1353 1356 1399 violentiam,
1379 1366 1466 1404 quae
1486 1353 1526 1389 in
1546 1352 1627 1390 Mi-

155 1414 271 1452 diana
290 1414 533 1461 dominatum
561 1429 689 1468 neque
719 1430 835 1468 porro
866 1415 1141 1466 intelligerent,
1164 1415 1301 1466 quibus
1328 1414 1487 1460 aculeis,
1508 1426 1624 1465 quam

156 1484 295 1527 arguta
315 1477 500 1523 oratione,
521 1485 561 1516 et
578 1485 723 1529 quanto
751 1477 983 1529 eloquentiae
1013 1476 1184 1523 flumine,
1209 1477 1434 1528 perniciosis
1453 1476 1623 1527 legibus,

158 1539 373 1589 cujusmodi
401 1547 510 1578 erant
537 1540 613 1578 illae
641 1541 689 1579 ab
711 1540 965 1585 Aristocrate,
996 1547 1035 1577 et
1063 1552 1086 1577 a
1106 1539 1329 1578 Timocrate
1363 1545 1525 1591 rogatae,
1544 1538 1624 1577 elo-

158 1602 429 1657 quentissimus
449 1603 514 1641 ille
534 1603 638 1651 dvis,
658 1604 751 1655 reip.
775 1615 906 1649 causa,
926 1601 1145 1640 restitisset.

212 1722 407 1760 Volumen
437 1722 587 1761 interea
605 1723 674 1768 IL,
691 1722 770 1761 sive
794 1730 920 1762 tomus
937 1724 1014 1770 ille,
1032 1723 1097 1775 qui
1111 1723 1300 1762 AEschinis
1322 1723 1513 1763 orationes
1534 1730 1627 1770 tres,

157 1792 197 1822 et
219 1785 314 1823 duas
336 1784 613 1823 Demosthenis
645 1786 891 1833 ἀντιπάλους,
915 1800 968 1826 sc.
991 1786 1040 1824 de
1068 1798 1271 1837 perperam
1299 1786 1403 1824 obita
1429 1786 1627 1837 legatione

157 1860 285 1893 unam,
306 1847 466 1884 alteram
488 1847 538 1885 de
566 1860 711 1885 corona
737 1848 1018 1899 complectitur,
1041 1860 1181 1898 magna
1201 1861 1249 1885 ex
1265 1855 1373 1899 parte
1387 1851 1469 1896 jam
1488 1854 1546 1885 est
1563 1848 1630 1885 ab·

159 1910 322 1947 solutus.
379 1908 456 1951 Qui
478 1909 541 1947 ubi
571 1911 775 1948 confectus
800 1910 932 1957 fuerit,
960 1909 1072 1948 simili
1100 1909 1190 1960 lege
1216 1916 1256 1948 et
1283 1909 1504 1948 conditione
1532 1909 1626 1948 faxo

160 1978 204 2009 ut
224 1971 471 2010 distrahatur.

217 2091 443 2129 Monendus
463 2103 505 2129 es
525 2105 650 2143 porro,
681 2092 803 2131 amice
824 2092 960 2139 lector,
981 2093 1090 2132 nobis
1111 2096 1192 2142 jam
1211 2093 1428 2131 institutum
1454 2106 1538 2132 esse
1566 2105 1628 2132 se-

161 2153 297 2191 cundis
318 2153 496 2200 consiliis,
518 2168 604 2205 quae
625 2154 831 2205 aliquando
857 2155 1006 2193 ratione
1031 2156 1202 2201 vincunt,
1228 2156 1345 2193 telam
1370 2156 1484 2203 hanc,
1510 2169 1627 2208 quam

159 2222 298 2252 texere
318 2215 568 2266 occoepimus,
588 2216 626 2253 in
639 2217 808 2267 quinque
827 2216 907 2254 sive
922 2227 1062 2267 partes,
1083 2217 1162 2256 sive
1181 2217 1376 2256 volumina
1392 2218 1629 2269 dispescere.

162 2278 311 2316 Auctor
332 2277 428 2329 ipse,
451 2291 529 2315 non
544 2278 741 2317 Wolfiano
761 2279 882 2329 magis
899 2279 1069 2324 consilio,
1093 2292 1206 2329 quam
1224 2292 1368 2330 genere
1382 2280 1627 2326 concionum,

159 2339 430 2391 quadrifariam
451 2340 706 2379 distribuitur.
765 2342 853 2383 Quo
874 2340 988 2391 igitur
1015 2341 1205 2385 absoluto,
1232 2348 1358 2379 tomus
1383 2341 1447 2380 ille
1475 2349 1627 2393 postre-

160 2415 245 2440 mus
272 2394 463 2453 accipiet,
478 2402 579 2440 inter
596 2402 682 2448 alia,
710 2411 971 2448 monumenta,
1001 2417 1087 2454 quae
1108 2404 1214 2441 Vett.
1241 2403 1446 2454 scriptores
1467 2403 1516 2441 de
1536 2403 1628 2449 vita,

160 2465 361 2516 scriptisve
382 2465 660 2502 Demosthenis
681 2472 756 2503 etc.
776 2464 895 2503 literis
927 2465 1225 2516 consignarunt:
1258 2465 1427 2516 Ulpiani,
1445 2465 1627 2504 aliorum-

160 2541 248 2580 que,
270 2541 355 2579 quae
377 2528 592 2578 comparari
612 2533 783 2578 possunt,
804 2527 949 2565 scholia
969 2528 1019 2565 ad
1038 2535 1185 2565 textum
1213 2527 1518 2574 accommodata,
1546 2534 1586 2565 et
1606 2540 1629 2565 a

160 2590 310 2628 mendis
330 2596 560 2641 repurgata:
582 2603 719 2627 novam
742 2589 1033 2628 adnotationum
1054 2589 1206 2635 scriem,
1228 2588 1258 2626 si
1280 2602 1356 2640 qua
1375 2589 1475 2626 forte
1497 2602 1629 2627 occur-

161 2660 248 2691 rant
264 2652 325 2690 vel
345 2652 576 2703 explicatius
597 2652 872 2696 confirmanda,
891 2651 953 2689 vel
973 2651 1012 2688 in
1031 2651 1168 2689 melius
1189 2651 1396 2688 mutanda:
1420 2651 1625 2688 MStorum

159 2714 348 2753 lectiones
368 2714 502 2760 varias,
521 2727 615 2765 quas
632 2714 670 2751 in
689 2714 786 2752 notis
806 2713 942 2751 nostris
970 2727 1046 2751 non
1074 2714 1291 2764 attigimus:
1322 2713 1499 2752 Indicem
1520 2713 1628 2751 deni-

162 2790 240 2828 que
260 2776 420 2815 atticum
440 2777 677 2814 locutionum
698 2776 934 2814 uberrimum
955 2783 1070 2827 atque
1090 2783 1331 2815 accuratum.

211 2838 381 2876 Patiatur
399 2852 511 2889 aequo
528 2839 654 2877 animo
670 2839 794 2877 lector
811 2851 918 2876 meus
940 2851 981 2876 se
1002 2851 1025 2875 a
1039 2851 1101 2875 me
1123 2838 1250 2875 denuo
1270 2837 1474 2883 obsecrari,
1488 2837 1543 2874 uti
1564 2849 1628 2874 no-

164 2901 208 2939 lit
224 2901 283 2938 vel
298 2900 518 2947 MStorum,
542 2902 572 2939 si
589 2914 663 2954 qua
677 2901 804 2947 fuerit,
825 2900 1016 2946 notitiam,
1036 2900 1096 2939 vel
1117 2900 1154 2937 in
1173 2900 1480 2938 Demosthenem
1498 2898 1629 2936 obser-
