1824 3171
430 204 1001 252 ΟΛὙΝΘΙΑΚΟΣ
1057 206 1106 247 Β.
1164 195 1268 262 (A.)
1503 202 1572 254 47

124 321 332 413 σωφρονος
359 345 437 392 μεν
471 319 705 409 ὦνθρωπου
731 316 945 387 λογισμῷ
967 318 1152 408 χρῆται·
1175 315 1362 386 μεῑγοέλη
1390 317 1481 410 ’γάρ
1507 319 1576 393 {³⁰-

124 395 205 459 πή,
231 396 410 466 μᾶλλον
444 391 487 445 δε
521 417 572 445 το
605 390 704 444 ’σ’λον
736 391 762 452 ἦ
793 390 912 456 τύχη
933 414 1078 480 πείρα
1111 389 1249 442 πάντ’
1273 413 1371 442 εστι
1402 392 1463 442 τοὶ
1490 416 1575 444 των

123 468 351 536 οἷνθρωπων
391 466 672 559 πράγματα·
716 464 761 516 οὗ
795 465 878 535 μὴν
911 463 1022 516 α’λλ
1058 461 1223 531 ἔγωγε,
1253 462 1295 516 εἶ
1317 488 1385 523 τις
1410 462 1577 550 αἵρεσίν

122 566 196 613 μοι
222 539 328 604 ὃοιη,
356 542 433 602 τὴν
459 565 539 601 της
561 540 774 611 ἡμετερας
799 538 972 597 πόλεως
997 562 1159 631 [UXW
1164 539 1217 590 ὀὲν
1244 537 1438 609 ἑλοίμην,
1475 537 1575 590 effle-

122 615 282 667 λόντων
307 614 342 666 οἳ
366 613 571 707 προσ-ἥκει
598 623 742 666 ποιεῖν
767 637 883 684 υμων
908 613 1055 665 αὐτων
1081 636 1159 665 και
1186 636 1316 665 κατα
1342 610 1516 707 μικρόν,
1549 612 1578 674 ἢ

123 688 200 750 τὴν
235 688 408 742 ἔκεικνου
439 687 558 741 πολυ
560 689 684 778 *γάρ
712 687 900 777 (πλείους
935 687 1155 781 οἷφορμοές
1182 688 1240 746 εἷς
1264 711 1316 738 το
1345 711 1423 748 την
1449 710 1577 774 παρα

123 787 208 814 των
232 763 345 815 θεων
372 761 532 815 εὔνοιαν
559 760 678 829 ἔχειν
704 786 795 846 oea>
804 785 904 831 ημιν
931 761 1108 820 evodo-044·
1130 761 1155 822 ἢ
1181 760 1341 828 ἐκείνῳ.
1366 760 1495 823 ἁλλ’,
1517 764 1579 812 οἶ-

121 861 225 906 μαι,
252 835 508 907 καθήμεθα
535 835 645 889 οὖδεν
671 854 908 895 ποιουντες·
941 835 1017 888 οὐκ
1045 860 1098 888 ενι
1124 833 1166 888 ὃ
1192 859 1325 887 aua-ov
1350 834 1578 910 oleyofivroe

124 946 173 971 est
201 948 344 991 vrqowrom
347 944 428 981 μεῖνε
463 949 634 983 oppugnata
670 940 831 982 difficilem:

124 994 183 1014 uon
205 986 265 1015 sine
284 996 389 1026 magno
406 990 486 1015 metu
509 992 534 1014 et
550 985 682 1024 peniculo
699 996 732 1015 ac
756 982 833 1024 diffi-

125 1027 284 1057 cultatibus
296 1038 375 1066 posse
391 1028 542 1066 bellvpeez'.
569 1028 611 1056 W
614 1038 656 1057 01
661 1038 689 1058 F.

168 1070 285 1107 Μεγάλι
302 1071 371 1111 γᾶς]
397 1071 486 1100 Hauc
503 1071 678 1100 sententiam
691 1070 755 1100 Cic.
773 1070 833 1099 ele-

126 1118 232 1151 ganter
259 1115 287 1142 2.
310 1114 371 1143 Off.
398 1114 615 1152 interpretatus
638 1119 696 1148 est,
718 1118 726 1130 ‘
744 1114 833 1152 Mag-

125 1165 194 1184 nam
213 1155 272 1184 vim
289 1156 398 1185 essein
414 1156 534 1185 fortuna
549 1157 578 1185 in
596 1162 753 1196 utramque
766 1166 834 1194 par-

124 1201 197 1232 tem,
216 1198 263 1226 vel
290 1199 440 1228 secundas
467 1199 503 1228 ad
526 1210 586 1232 res.
609 1199 656 1228 rel
677 1200 834 1234 adversas,

124 1239 193 1278 quis
209 1241 348 1279 ignorat?
374 1242 452 1270 Nam
473 1246 503 1270 et
521 1251 588 1271 cum
602 1251 750 1281 prospero
768 1243 833 1279 ejus

123 1283 197 1311 ss'atu
214 1284 336 1318 utimur,
361 1284 399 1313 ad
424 1288 544 1322 optatos
568 1285 673 1314 exitus
692 1284 834 1323 pervehi-

124 1335 207 1354 mur:
233 1330 264 1355 et
287 1336 355 1356 cum
380 1326 510 1361 reflavit,
533 1327 714 1366 affligimur.’
753 1327 833 1356 Plin.

125 1368 216 1397 etiam
244 1368 296 1403 lib.
322 1372 351 1399 2.
377 1379 443 1409 cap.
463 1371 494 1400 7.
538 1375 545 1387 ‘
564 1371 706 1399 Fortunae
733 1370 835 1399 omnia

124 1420 272 1448 expensa,
299 1411 401 1441 omnia
420 1413 557 1442 feruntur
578 1418 725 1451 accepta:
752 1416 783 1442 et
803 1413 833 1442 in

123 1457 188 1482 tota
205 1454 321 1484 ratione
336 1455 520 1490 mortalium,
537 1456 600 1484 sola
612 1460 768 1495 utramque
780 1466 835 1494 pa·

124 1495 227 1534 ginam
243 1497 337 1526 facit.'
365 1498 470 1527 IDEM.
518 1498 754 1534 Demosthenes,
775 1508 834 1527 non

124 1542 226 1568 orator
241 1540 332 1569 modo
350 1550 495 1576 summus,
508 1550 614 1570 verum
630 1541 719 1570 etiam
736 1540 836 1579 philo—

124 1582 252 1619 sophus,
262 1592 380 1611 omnem
392 1592 518 1621 prorsus
528 1593 629 1612 rerum
640 1584 836 1612 humanarum

126 1624 292 1654 rectionem
309 1634 344 1653 ao
362 1625 612 1663 gubernationem
638 1626 765 1654 fortuna:
782 1624 835 1654 tri-

126 1667 205 1696 buit.
250 1667 333 1705 Quid
347 1677 382 1696 au
390 1672 448 1697 tem
464 1668 592 1697 fortunae
609 1668 730 1697 nomine
745 1667 835 1696 intel-

124 1709 213 1748 ligat,
231 1708 298 1748 ipse
313 1709 406 1748 paulo
419 1715 490 1748 post
505 1711 607 1739 docet.
655 1712 731 1740 Cum
754 1710 834 1739 enim

125 1752 267 1788 dixisset,
297 1752 322 1781 si
353 1752 421 1791 quis
452 1753 512 1782 sihi
543 1753 697 1792 optionem
737 1752 835 1788 daret,

125 1795 216 1824 malle
246 1805 279 1824 se
302 1794 532 1825 Atheniensium
557 1797 723 1832 fortunam,
744 1805 833 1835 quam

126 1837 282 1876 Philippi:
307 1847 426 1867 causam
458 1838 634 1877 subjiciens,
658 1849 713 1867 cur
732 1848 768 1867 eo
795 1838 834 1867 sit

126 1880 238 1915 animo,
253 1880 294 1910 ait
308 1880 396 1918 plura
411 1880 518 1910 videre
537 1891 570 1910 se
591 1880 834 1911 in*Atheniensi-

124 1923 194 1959 bus,
210 1933 277 1961 quae
294 1923 333 1952 ad
349 1922 567 1952 conciliandam
591 1923 717 1952 deorum
742 1924 834 1953 bene-

126 1965 290 1995 volentiam
318 1965 451 2000 valeant,
481 1975 570 2003 quam
605 1965 635 1994 in
663 1966 832 2004 Philippo:

126 2009 202 2037 Πολυ
217 2009 271 2046 γᾶς
287 2005 405 2040 ιανλειόυς·
424 2008 556 2046 ἀφορμὰς
577 2007 614 2040 εἷς
632 2007 666 2036 ’τό
689 2009 737 2037 ‘riu‘
757 2010 834 2049 παρὰ

127 2052 182 2080 τῶν
207 2049 278 2079 θεῶν
299 2049 396 2078 εὔνοιαν
416 2048 491 2090 ἔχειν
511 2049 559 2089 ὁρῶ
585 2050 653 2088 ὑμῖν
675 2048 796 2086 ἐνούσας,
820 2050 834 2081 ἢ

127 2090 225 2131 ἐκείνῳ.
271 2091 392 2130 Ecquid
415 2092 539 2121 videtui
560 2096 663 2130 aperte
684 2093 832 2131 profiteri,

129 2144 162 2164 se
179 2125 305 2164 fortunae
319 2134 552 2173 prosperitatem
569 2135 598 2163 in
615 2135 721 2164 divina
742 2136 834 2165 bene-

124 2177 264 2207 volentia
282 2177 412 2216 ponere!
445 2176 524 2207 Vide
552 2177 718 2212 Muretum,
735 2188 751 2207 a
775 2189 833 2216 quo

127 2219 194 2249 haec
222 2219 350 2249 mutuati
381 2229 497 2255 sumus,
521 2220 552 2249 in
581 2220 680 2251 Cicer.
706 2221 833 2259 primam

128 2267 233 2292 contra
256 2261 431 2297 Catilinam,
455 2273 524 2302 pag.
549 2264 623 2292 621.
649 2263 707 2293 Ed.
732 2265 834 2294 Graev.

127 2305 179 2343 qui
200 2305 242 2335 ibi
266 2305 387 2344 prolixe
413 2306 514 2340 docet,
538 2306 688 2347 fortunam
717 2311 835 2336 veteres

128 2347 203 2377 nihil
219 2348 300 2378 aliud
316 2358 403 2386 quam
425 2348 560 2378 divinam
577 2350 762 2379 voluntatem
781 2360 834 2379 vo-

128 2401 225 2420 casse.
284 2391 507 2420 Demosthenes
532 2392 637 2421 eadem
664 2392 776 2431 repetit
804 2393 835 2422 in

128 2433 218 2462 Orat.
238 2433 268 2463 in
290 2433 393 2472 Epist.
416 2434 553 2472 Philipp
568 2434 594 2473 §.
610 2433 632 2464 ἑ.
651 2435 701 2465 ubi
724 2435 836 2475 legitur

128 2474 166 2505 'ra
180 2475 240 2506 δ’λον
254 2477 266 2506 ἦ
283 2476 372 2517 τύχη,
396 2476 486 2506 sicuti
513 2482 545 2506 et
566 2477 614 2507 hic
638 2477 668 2507 in
689 2478 780 2507 Voss.
807 2483 836 2508 et

128 2518 206 2548 Ben.
223 2529 246 2549 ε.
261 2531 288 2549 η.
303 2518 336 2548 θ.
380 2519 417 2548 In
432 2519 567 2549 oratione
583 2523 682 2550 autem
698 2521 737 2550 de
756 2521 837 2551 Pace

128 2561 239 2591 clarius
260 2561 377 2591 indicat
404 2572 437 2591 se
463 2562 589 2591 sortunae
615 2563 736 2593 nomine
755 2563 836 2593 diri-

125 2613 195 2633 nam
211 2603 436 2642 providentiam
451 2603 640 2644 intelligere:
657 2606 734 2635 dicit
745 2605 836 2641 euim,

129 2662 172 2669 —
187 2645 220 2675 δι’
244 2647 388 2688 εὐτυχίαν,
413 2646 442 2677 ἓν
468 2648 630 2687 συμπάσης
658 2647 712 2686 ἐγὼ
737 2650 788 2682 τῆς
811 2647 837 2678 ἓν

129 2688 282 2730 ἀνθρώποις
304 2690 385 2723 οὔσης
411 2689 559 2725 δεινότητος
589 2691 637 2720 καὶ
664 2690 764 2732 σοφίας
789 2691 836 2733 ὁρῶ

130 2733 296 2783 κρατοῦσαν.
318 2733 462 2764 Μουκτ.

167 2770 268 2813 ”ολον]
310 2775 418 2806 Reisk.
451 2775 538 2806 dedit
570 2775 609 2805 τὸ
640 2775 711 2814 δ’,λον
755 2777 835 2806 idem

133 2815 269 2845 Bekker.
277 2818 332 2847 sed
341 2818 390 2848 hic
400 2819 546 2849 articulus
554 2820 704 2859 repetitus
715 2820 837 2850 videtur

132 2866 173 2886 ex
191 2864 254 2887 Φιλ.
267 2858 385 2891 ’limo-rr.
398 2861 424 2900 §.
436 2860 457 2891 έ.
469 2860 553 2900 ;ὁ’λον
569 2873 640 2893 vero
657 2863 726 2892 est
718 2874 748 2893 m
761 2863 839 2893 Dio-

133 2909 202 2938 nys.
223 2905 253 2930 et
275 2903 325 2932 vel
343 2908 507 2943 propterea
528 2915 587 2934 non
606 2906 838 2945 improbandum

134 2943 266 2979 videtur,
290 2955 381 2984 quum
407 2957 464 2976 non
488 2948 527 2977 de
553 2954 633 2979 certa
655 2950 783 2987 quadam
806 2960 839 2979 re

135 2989 232 3016 serm'o
252 2986 312 3017 sit:
337 2989 391 3018 cfr
411 2989 436 3028 §.
460 2988 499 3024 ς’
517 2989 604 3022 πάντ’
623 2991 734 3031 ὠφελεῖ.
778 2993 839 3022 Au-

867 951 932 978 ger.
951 941 1041 971 etiam
1059 940 1146 971 artic.
1166 940 1287 970 omittit.
1332 941 1483 969 Neutrum
1509 950 1578 969 cum

866 984 966 1014 femin.
985 984 1189 1024 compositum
1202 984 1288 1013 vides
1302 982 1581 1024 Oly1.th.1.(111.)

868 1026 892 1065 ἑ.
919 1025 955 1065 γ’.
996 1027 1059 1057 Pro
1088 1029 1173 1067 wag&
1199 1027 1296 1057 πάντα
1321 1026 1352 1056 iu
1381 1026 1476 1055 altem
1506 1026 1577 1055 loco

866 1068 932 1109 πρὸς
947 1069 1076 1107 ἅπαντα,
1092 1071 1145 1100 sed
1162 1072 1238 1109 παςὲι
1263 1068 1368 1099 illud
1361 1079 1461 1108 ipsum
1483 1068 1577 1098 deno-

868 1117 912 1142 tat
938 1118 1071 1151 tempus,
1093 1123 1152 1152 quo
1179 1112 1315 1142 homines
1346 1112 1462 1150 aliquid
1488 1121 1579 1150 pera-

868 1154 1094 1195 gunt‚fort⁷‚171a
1109 1162 1147 1185 est
1169 1157 1198 1184 in
1215 1155 1300 1185 vebus
1315 1155 1475 1183 hominum.
1505 1154 1576 1183 vid.

868 1198 904 1227 F.
918 1199 955 1227 A.
966 1198 1063 1228 Wolf.
1079 1199 1116 1228 ad
1129 1199 1218 1236 Lept.
1234 1197 1259 1236 ᾧ
1272 1197 1308 1228 λ’.
1338 1196 1469 1227 Riimo.

908 1240 1051 1281 Ἐλοίμην]
1082 1241 1131 1270 Sc.
1158 1242 1281 1280 μᾶλλον,
1310 1240 1390 1278 quod
1417 1239 1516 1277 ipsum
1539 1239 1576 1268 ad

867 1282 1124 1315 eoznseemaeuam
1134 1283 1391 1322 subintelligitur3
1410 1281 1576 1312 vid.Zeun.

868 1327 906 1355 ad
924 1326 992 1365 Vig.
1004 1338 1035 1366 p.
1051 1328 1124 1357 409.
1147 1327 1249 1357 lom.

911 1371 994 1399 Κατὰ
1023 1369 1133 1409 μικρὸν]
1171 1370 1260 1399 Licet
1286 1369 1362 1398 adeo
1394 1367 1486 1397 obvia
1513 1367 1577 1396 haec

868 1412 1009 1447 formula,
1031 1419 1130 1442 tamen
1154 1422 1212 1441 non
1235 1422 1305 1441 raro
1329 1411 1510 1451 interpretes
1535 1411 1578 1439 se-

868 1454 956 1484 sellit.
981 1455 1032 1484 Sic
1049 1466 1098 1494 ap.
1115 1455 1207 1484 Dem.
1221 1455 1346 1493 Olynth.
1366 1455 1409 1483 ΙΙ.
1423 1453 1475 1483 nbi
1491 1453 1578 1490 paul-

871 1497 967 1526 lulum
984 1508 1037 1537 pro
1052 1498 1222 1536 paullatim.
1255 1496 1418 1526 D'Orville
1434 1496 1471 1525 ad
1488 1496 1578 1524 Char.

870 1540 1006 1578 Aphrod.
1022 1541 1043 1569 l.
1059 1541 1084 1569 1.
1101 1550 1127 1568 e.
1145 1540 1210 1569 IX.
1225 1550 1256 1577 p.
1271 1541 1343 1569 109.

909 1581 945 1610 *H
970 1584 1017 1611 τῆν
1040 1580 1152 1621 ἐκείνου]
1181 1583 1307 1619 Dionys.
1324 1582 1346 1610 1.
1361 1582 1382 1610 l.
1408 1585 1522 1615 monet,
1548 1579 1578 1609 in

869 1623 917 1652 his
932 1623 1034 1654 tribus
1047 1624 1183 1663 periodis
1197 1622 1285 1664 (inde
1303 1624 1339 1652 ab
1355 1624 1377 1653 εἰ
1394 1623 1420 1653 δέ
1437 1623 1497 1662 τις)
1514 1633 1579 1652 om-

871 1666 919 1694 nia
934 1667 1028 1695 verba
1044 1666 1191 1696 concinne
1208 1671 1239 1696 et
1253 1666 1364 1696 blande
1377 1672 1407 1696 et
1423 1666 1579 1705 eleganter

869 1709 1039 1748 composita
1061 1719 1139 1745 esse,
1165 1709 1236 1748 quia
1258 1709 1395 1738 suaviter
1417 1710 1579 1738 admodum

869 1755 899 1780 et
912 1761 1070 1781 numerose
1086 1752 1203 1791 digesta
1215 1752 1287 1781 sint.
1302 1751 1432 1781 mimo.

911 1795 986 1823 Πολὺ
1006 1797 1060 1834 γὰρ
1079 1794 1190 1829 -πλείῡυς
1202 1795 1259 1835 --]
1288 1795 1337 1824 Ob
1354 1794 1444 1824 istius
1461 1794 1580 1823 scilicet

867 1837 1011 1875 perjuria.
1048 1838 1208 1876 Agesilaus
1223 1837 1376 1873 Barbaris,
1393 1837 1579 1876 quibusjns-

863 1880 1026 1918 jurandum
1041 1880 1157 1910 violare
1174 1880 1283 1919 religio
1301 1891 1357 1910 non
1374 1884 1450 1916 erat,
1465 1879 1578 1918 gratias

867 1932 958 1961 agere
982 1923 1090 1952 solitus
1115 1929 1171 1952 est.
1216 1928 1224 1941 ⁴
1243 1924 1338 1957 Bene,
1354 1924 1429 1952 bene
1447 1922 1518 1957 est‚’
1533 1924 1578 1951 iu-

868 1965 944 2003 quit,
970 1970 978 1982 ‘
998 1965 1119 2004 Perjuri
1135 1966 1185 1996 isti
1205 1968 1288 1995 Deos
1305 1966 1391 1994 nobis
1407 1965 1522 1994 amicos
1546 1969 1578 1994 et

868 2007 1034 2037 auxiliares
1056 2007 1211 2037 reddunt?
1254 2009 1314 2037 AEl.
1331 2008 1402 2037 Vnr.
1420 2008 1505 2037 Hist.
1521 2006 1577 2037 lib.

868 2050 960 2078 XIV.
991 2050 1081 2080 Corn.
1109 2052 1191 2090 Nep.
1214 2051 1245 2080 in
1273 2050 1576 2089 Agesil.T011rrell.

867 2093 1009 2123 MOUNT.

909 2134 1057 2175 Ἀφοξμιὶς
1070 2152 1113 2158 —-
1128 2134 1281 2186 ἐνουο-ας]”
1283 2142 1354 2170 {5014-
1368 2135 1412 2164 διὰ
1428 2136 1477 2165 τὴν
1492 2140 1578 2163 καλο-

867 2176 1010 2215 καγαθίαν
1038 2178 1085 2207 καὶ
1106 2188 1232 2216 Svopnldv'
1264 2177 1291 2214 ἢ,
1313 2189 1378 2211 ’Τθυς
1399 2189 1505 2217 καῑξους
1527 2178 1574 2206 καῖ

1085 2263 1093 2272 >
1127 2264 1133 2273 t
1167 2263 1182 2271 ..a
1217 2261 1232 2293 ’ἴ

910 2305 1056 2347 Ἀφορμᾶς
1059 2307 1071 2347 ]
1115 2306 1211 2344 Quasi
1249 2307 1368 2335 fortuna
1399 2310 1578 2345 sequeretur

867 2349 1020 2378 hominum
1037 2350 1125 2383 facta,
1140 2350 1178 2379 ad
1196 2359 1262 2387 quae
1286 2349 1459 2388 peragenda
1482 2349 1578 2379 Athe-

869 2392 1027 2422 niensibus
1043 2402 1102 2422 nou
1118 2391 1226 2421 deesse
1238 2392 1359 2430 judicat
1374 2391 1574 2421 occasionem.

870 2435 960 2471 Quod
978 2436 1080 2474 paullo
1097 2440 1168 2473 post
1182 2435 1294 2473 legitur
1320 2435 1421 2474 ἡμῖν,
1445 2434 1576 2472 retinui;

870 2479 963 2518 ὑμῖν
984 2478 1014 2507 in
1039 2477 1190 2507 nonnullis
1218 2477 1308 2507 libris
1334 2482 1366 2507 et
1393 2477 1423 2506 in
1448 2478 1578 2517 Dionys.

870 2521 974 2550 habes.
1007 2521 1198 2560 Quanquam,
1213 2524 1247 2549 ut
1263 2519 1335 2549 alibi
1353 2520 1497 2556 vidimus,
1511 2531 1578 2550 ora-

870 2567 918 2592 tor
933 2573 1078 2602 personas
1095 2574 1176 2602 saepe
1193 2566 1300 2598 mutat,
1317 2564 1399 2602 quod
1422 2563 1523 2602 ipsum
1547 2563 1577 2593 in

870 2605 986 2646 ἧμετές.
1004 2605 1077 2635 welz.
1095 2611 1125 2635 et
1139 2606 1216 2646 ὑμῶν
1231 2605 1377 2636 ποιούντων
1392 2606 1504 2636 factum
1519 2610 1579 2641 est,

870 2654 969 2678 tamen
983 2649 1015 2678 id
1028 2649 1066 2678 de
1082 2652 1188 2678 nostro
1203 2649 1272 2678 loco
1289 2659 1347 2678 non
1365 2649 1458 2684 valet,
1474 2649 1503 2677 in
1518 2659 1577 2687 quo

869 2692 937 2730 ἦμῖν
964 2692 1115 2730 respondet
1138 2691 1278 2732 ἧμετὲξας
1301 2691 1368 2721 πὸλ.
1414 2691 1495 2721 Illud
1521 2691 1578 2720 mi-

869 2744 934 2764 rum
950 2740 1008 2770 est,
1028 2734 1123 2773 quod,
1137 2745 1228 2773 quum
1252 2739 1358 2773 aperte
1375 2739 1512 2764 nostrum
1534 2734 1578 2762 lo-

870 2787 939 2807 cum
953 2777 983 2807 in
1000 2782 1102 2808 mente
1114 2777 1254 2807 habuerit
1271 2778 1414 2816 Dionys..
1429 2777 1577 2815 Sylburg.

871 2820 982 2859 ubique
994 2823 1149 2859 comparat
1163 2821 1290 2851 alterum
1305 2831 1343 2850 ex
1358 2830 1454 2858 eoque
1464 2819 1578 2848 discre-

870 2863 988 2902 pantias
1004 2863 1102 2893 affert.
1127 2862 1255 2894 Riimc.

916 2906 1025 2946 Οἶμαι]
1049 2906 1174 2945 Aliquid
1199 2905 1442 2935 irrisionisinest
1467 2902 1497 2931 in
1519 2901 1577 2930 hoc

874 2959 949 2979 voce
977 2950 1052 2980 utin
1070 2950 1166 2979 credo.
1189 2949 1294 2980 Imm.

916 2992 1084 3032 Καθημεθα
1099 2991 1171 3022 οὐδὲν
1183 2992 1329 3023 ποιουντες.
1346 2989 1404 3019 Ovu-
1417 2986 1450 3017 ἔνι
1467 2985 1489 3015 δ’
1501 2984 1582 3016 aia-riv
