<?xml version="1.0" encoding="UTF-8"?>
<!DOCTYPE html PUBLIC "-//W3C//DTD XHTML 1.0 Transitional//EN"
    "http://www.w3.org/TR/xhtml1/DTD/xhtml1-transitional.dtd">
<html xmlns="http://www.w3.org/1999/xhtml" xml:lang="en" lang="en">
 <head>
  <title>
</title>
<meta http-equiv="Content-Type" content="text/html;charset=utf-8" />
  <meta name='ocr-system' content='tesseract 3.04.00' />
  <meta name='ocr-capabilities' content='ocr_page ocr_carea ocr_par ocr_line ocrx_word'/>
</head>
<body>
  <div class='ocr_page' id='page_1' title='image "./oratoresatticie05dobs_0211.png"; bbox 0 0 1824 3171; ppageno 0'>
   <div class='ocr_carea' id='block_1_1' title="bbox 522 173 1590 214">
    <p class='ocr_par' dir='ltr' id='par_1_1' title="bbox 522 173 1590 214">
     <span class='ocr_line' id='line_1_1' title="bbox 522 173 1590 214; baseline 0.002 -2"><span class='ocrx_word' id='word_1_1' title='bbox 522 175 602 212; x_wconf 93' lang='lat' dir='ltr'>AD</span> <span class='ocrx_word' id='word_1_2' title='bbox 633 173 1098 213; x_wconf 89' lang='lat' dir='ltr'>DEMOSTHENEM.</span> <span class='ocrx_word' id='word_1_3' title='bbox 1533 178 1590 214; x_wconf 85' lang='lat' dir='ltr'>cci</span> 
     </span>
    </p>
   </div>
   <div class='ocr_carea' id='block_1_2' title="bbox 115 274 1586 1249">
    <p class='ocr_par' dir='ltr' id='par_1_2' title="bbox 115 274 1586 1249">
     <span class='ocr_line' id='line_1_2' title="bbox 124 274 1586 327; baseline 0.003 -13"><span class='ocrx_word' id='word_1_4' title='bbox 124 277 306 314; x_wconf 86' lang='lat' dir='ltr'>diuturna</span> <span class='ocrx_word' id='word_1_5' title='bbox 324 274 587 321; x_wconf 80' lang='lat' dir='ltr'>meditatione,</span> <span class='ocrx_word' id='word_1_6' title='bbox 608 289 736 326; x_wconf 87' lang='lat' dir='ltr'>neque</span> <span class='ocrx_word' id='word_1_7' title='bbox 757 278 846 314; x_wconf 85' lang='lat' dir='ltr'>satis</span> <span class='ocrx_word' id='word_1_8' title='bbox 867 278 1058 327; x_wconf 82' lang='lat' dir='ltr'>digestam</span> <span class='ocrx_word' id='word_1_9' title='bbox 1087 289 1185 323; x_wconf 83' lang='lat' dir='ltr'>esse,</span> <span class='ocrx_word' id='word_1_10' title='bbox 1214 277 1281 315; x_wconf 87' lang='lat' dir='ltr'>sed</span> <span class='ocrx_word' id='word_1_11' title='bbox 1301 279 1428 317; x_wconf 87' lang='lat' dir='ltr'>subito</span> <span class='ocrx_word' id='word_1_12' title='bbox 1448 292 1497 318; x_wconf 83' lang='lat' dir='ltr'>ex</span> <span class='ocrx_word' id='word_1_13' title='bbox 1517 280 1586 318; x_wconf 83' lang='lat' dir='ltr'>ad-</span> 
     </span>
     <span class='ocr_line' id='line_1_3' title="bbox 123 337 1584 391; baseline 0.004 -18"><span class='ocrx_word' id='word_1_14' title='bbox 123 338 297 375; x_wconf 86' lang='lat' dir='ltr'>versariis</span> <span class='ocrx_word' id='word_1_15' title='bbox 317 337 491 382; x_wconf 86' lang='lat' dir='ltr'>effusam,</span> <span class='ocrx_word' id='word_1_16' title='bbox 513 337 666 375; x_wconf 87' lang='lat' dir='ltr'>tametsi</span> <span class='ocrx_word' id='word_1_17' title='bbox 693 350 771 374; x_wconf 89' lang='lat' dir='ltr'>non</span> <span class='ocrx_word' id='word_1_18' title='bbox 791 337 959 376; x_wconf 85' lang='lat' dir='ltr'><strong>dicerem</strong></span> <span class='ocrx_word' id='word_1_19' title='bbox 988 339 1083 389; x_wconf 84' lang='lat' dir='ltr'>ipse,</span> <span class='ocrx_word' id='word_1_20' title='bbox 1113 339 1217 390; x_wconf 89' lang='lat' dir='ltr'>quod</span> <span class='ocrx_word' id='word_1_21' title='bbox 1244 352 1347 390; x_wconf 87' lang='lat' dir='ltr'>saepe</span> <span class='ocrx_word' id='word_1_22' title='bbox 1368 340 1483 387; x_wconf 86' lang='lat' dir='ltr'>facio,</span> <span class='ocrx_word' id='word_1_23' title='bbox 1504 342 1584 391; x_wconf 89' lang='lat' dir='ltr'>ipsa</span> 
     </span>
     <span class='ocr_line' id='line_1_4' title="bbox 124 397 1586 448; baseline 0.003 -14"><span class='ocrx_word' id='word_1_24' title='bbox 124 405 253 435; x_wconf 84' lang='lat' dir='ltr'>tamen</span> <span class='ocrx_word' id='word_1_25' title='bbox 273 397 364 435; x_wconf 87' lang='lat' dir='ltr'>satis</span> <span class='ocrx_word' id='word_1_26' title='bbox 383 398 576 448; x_wconf 83' lang='lat' dir='ltr'>proderet.</span> <span class='ocrx_word' id='word_1_27' title='bbox 627 398 691 436; x_wconf 90' lang='lat' dir='ltr'>Sic</span> <span class='ocrx_word' id='word_1_28' title='bbox 709 406 838 437; x_wconf 82' lang='lat' dir='ltr'>autem</span> <span class='ocrx_word' id='word_1_29' title='bbox 858 399 1040 437; x_wconf 84' lang='lat' dir='ltr'>scribenti</span> <span class='ocrx_word' id='word_1_30' title='bbox 1058 413 1135 438; x_wconf 91' lang='lat' dir='ltr'>non</span> <span class='ocrx_word' id='word_1_31' title='bbox 1156 400 1284 438; x_wconf 87' lang='lat' dir='ltr'>omnia</span> <span class='ocrx_word' id='word_1_32' title='bbox 1302 401 1390 438; x_wconf 92' lang='lat' dir='ltr'>loco</span> <span class='ocrx_word' id='word_1_33' title='bbox 1411 414 1480 438; x_wconf 84' lang='lat' dir='ltr'>suo</span> <span class='ocrx_word' id='word_1_34' title='bbox 1501 415 1586 439; x_wconf 88' lang='lat' dir='ltr'>suc-</span> 
     </span>
     <span class='ocr_line' id='line_1_5' title="bbox 125 459 1585 512; baseline 0.003 -17"><span class='ocrx_word' id='word_1_35' title='bbox 125 466 291 496; x_wconf 89' lang='lat' dir='ltr'>currunt.</span> <span class='ocrx_word' id='word_1_36' title='bbox 349 460 477 510; x_wconf 86' lang='lat' dir='ltr'>Agam</span> <span class='ocrx_word' id='word_1_37' title='bbox 511 459 641 510; x_wconf 87' lang='lat' dir='ltr'>itaque</span> <span class='ocrx_word' id='word_1_38' title='bbox 675 460 750 498; x_wconf 90' lang='lat' dir='ltr'>hoc</span> <span class='ocrx_word' id='word_1_39' title='bbox 779 460 1014 511; x_wconf 83' lang='lat' dir='ltr'>praefationis</span> <span class='ocrx_word' id='word_1_40' title='bbox 1045 461 1314 512; x_wconf 87' lang='lat' dir='ltr'>supplemento</span> <span class='ocrx_word' id='word_1_41' title='bbox 1342 461 1506 512; x_wconf 88' lang='lat' dir='ltr'>primum</span> <span class='ocrx_word' id='word_1_42' title='bbox 1536 463 1585 500; x_wconf 90' lang='lat' dir='ltr'>de</span> 
     </span>
     <span class='ocr_line' id='line_1_6' title="bbox 123 521 1586 573; baseline 0.001 -14"><span class='ocrx_word' id='word_1_43' title='bbox 123 521 351 567; x_wconf 81' lang='lat' dir='ltr'><strong>discrimine,</strong></span> <span class='ocrx_word' id='word_1_44' title='bbox 373 522 476 572; x_wconf 88' lang='lat' dir='ltr'>quod</span> <span class='ocrx_word' id='word_1_45' title='bbox 497 529 700 573; x_wconf 87' lang='lat' dir='ltr'>utramque</span> <span class='ocrx_word' id='word_1_46' title='bbox 721 522 997 561; x_wconf 84' lang='lat' dir='ltr'><strong>Demosthenis</strong></span> <span class='ocrx_word' id='word_1_47' title='bbox 1027 523 1236 561; x_wconf 83' lang='lat' dir='ltr'>editionem</span> <span class='ocrx_word' id='word_1_48' title='bbox 1258 522 1455 569; x_wconf 89' lang='lat' dir='ltr'>Aldinam,</span> <span class='ocrx_word' id='word_1_49' title='bbox 1476 530 1586 561; x_wconf 88' lang='lat' dir='ltr'>vetu-</span> 
     </span>
     <span class='ocr_line' id='line_1_7' title="bbox 120 583 1584 635; baseline 0.001 -15"><span class='ocrx_word' id='word_1_50' title='bbox 120 583 277 620; x_wconf 90' lang='lat' dir='ltr'>stiorem</span> <span class='ocrx_word' id='word_1_51' title='bbox 301 590 340 621; x_wconf 89' lang='lat' dir='ltr'>et</span> <span class='ocrx_word' id='word_1_52' title='bbox 361 583 569 632; x_wconf 87' lang='lat' dir='ltr'>juniorem,</span> <span class='ocrx_word' id='word_1_53' title='bbox 595 584 799 622; x_wconf 82' lang='lat' dir='ltr'>intercedit</span> <span class='ocrx_word' id='word_1_54' title='bbox 815 599 825 629; x_wconf 92' lang='grc'><strong>;</strong></span> <span class='ocrx_word' id='word_1_55' title='bbox 865 592 948 622; x_wconf 89' lang='lat' dir='ltr'>tum</span> <span class='ocrx_word' id='word_1_56' title='bbox 978 584 1026 623; x_wconf 91' lang='lat' dir='ltr'>de</span> <span class='ocrx_word' id='word_1_57' title='bbox 1055 585 1225 623; x_wconf 84' lang='lat' dir='ltr'>editione</span> <span class='ocrx_word' id='word_1_58' title='bbox 1250 584 1458 630; x_wconf 81' lang='lat' dir='ltr'>Feliciani3</span> <span class='ocrx_word' id='word_1_59' title='bbox 1497 591 1584 635; x_wconf 88' lang='lat' dir='ltr'>post</span> 
     </span>
     <span class='ocr_line' id='line_1_8' title="bbox 119 643 1582 697; baseline 0.001 -15"><span class='ocrx_word' id='word_1_60' title='bbox 119 643 169 682; x_wconf 93' lang='lat' dir='ltr'>de</span> <span class='ocrx_word' id='word_1_61' title='bbox 185 643 319 682; x_wconf 88' lang='lat' dir='ltr'>codice</span> <span class='ocrx_word' id='word_1_62' title='bbox 341 646 570 696; x_wconf 85' lang='lat' dir='ltr'>Augustano</span> <span class='ocrx_word' id='word_1_63' title='bbox 593 653 716 691; x_wconf 81' lang='lat' dir='ltr'>sexto,</span> <span class='ocrx_word' id='word_1_64' title='bbox 728 646 792 696; x_wconf 88' lang='lat' dir='ltr'>qui</span> <span class='ocrx_word' id='word_1_65' title='bbox 813 659 937 697; x_wconf 87' lang='lat' dir='ltr'>nuper</span> <span class='ocrx_word' id='word_1_66' title='bbox 956 646 1122 692; x_wconf 86' lang='lat' dir='ltr'>demum,</span> <span class='ocrx_word' id='word_1_67' title='bbox 1143 659 1277 684; x_wconf 90' lang='lat' dir='ltr'>mense</span> <span class='ocrx_word' id='word_1_68' title='bbox 1299 646 1447 684; x_wconf 89' lang='lat' dir='ltr'>Martio</span> <span class='ocrx_word' id='word_1_69' title='bbox 1467 646 1582 694; x_wconf 86' lang='lat' dir='ltr'>hujus</span> 
     </span>
     <span class='ocr_line' id='line_1_9' title="bbox 119 706 1582 759; baseline 0 -15"><span class='ocrx_word' id='word_1_70' title='bbox 119 706 208 744; x_wconf 85' lang='lat' dir='ltr'>anni</span> <span class='ocrx_word' id='word_1_71' title='bbox 230 707 346 747; x_wconf 88' lang='lat'>1770.</span> <span class='ocrx_word' id='word_1_72' title='bbox 376 707 426 744; x_wconf 89' lang='lat' dir='ltr'>ad</span> <span class='ocrx_word' id='word_1_73' title='bbox 454 721 516 745; x_wconf 90' lang='lat' dir='ltr'>me</span> <span class='ocrx_word' id='word_1_74' title='bbox 545 708 717 758; x_wconf 86' lang='lat' dir='ltr'>perlatus</span> <span class='ocrx_word' id='word_1_75' title='bbox 746 715 817 745; x_wconf 89' lang='lat' dir='ltr'>est.</span> <span class='ocrx_word' id='word_1_76' title='bbox 875 708 1032 746; x_wconf 84' lang='lat' dir='ltr'><strong>Addam</strong></span> <span class='ocrx_word' id='word_1_77' title='bbox 1062 708 1246 753; x_wconf 89' lang='lat' dir='ltr'>tabulam,</span> <span class='ocrx_word' id='word_1_78' title='bbox 1275 721 1354 759; x_wconf 74' lang='lat' dir='ltr'>qua</span> <span class='ocrx_word' id='word_1_79' title='bbox 1377 707 1582 745; x_wconf 87' lang='lat' dir='ltr'>divisiones</span> 
     </span>
     <span class='ocr_line' id='line_1_10' title="bbox 120 767 1583 820; baseline 0.001 -15"><span class='ocrx_word' id='word_1_80' title='bbox 120 767 337 805; x_wconf 89' lang='lat' dir='ltr'>orationum</span> <span class='ocrx_word' id='word_1_81' title='bbox 356 768 735 807; x_wconf 87' lang='lat' dir='ltr'>demosthenicarum</span> <span class='ocrx_word' id='word_1_82' title='bbox 757 769 965 815; x_wconf 83' lang='lat' dir='ltr'>exhibebo,</span> <span class='ocrx_word' id='word_1_83' title='bbox 987 769 1124 820; x_wconf 90' lang='lat' dir='ltr'>quibus</span> <span class='ocrx_word' id='word_1_84' title='bbox 1144 776 1296 807; x_wconf 87' lang='lat' dir='ltr'>veteres</span> <span class='ocrx_word' id='word_1_85' title='bbox 1319 770 1538 814; x_wconf 85' lang='lat' dir='ltr'>utebantur,</span> <span class='ocrx_word' id='word_1_86' title='bbox 1561 781 1583 806; x_wconf 91' lang='lat' dir='ltr'>e</span> 
     </span>
     <span class='ocr_line' id='line_1_11' title="bbox 117 829 1580 882; baseline 0 -16"><span class='ocrx_word' id='word_1_87' title='bbox 117 829 256 867; x_wconf 84' lang='lat' dir='ltr'>codice</span> <span class='ocrx_word' id='word_1_88' title='bbox 278 829 492 875; x_wconf 88' lang='lat' dir='ltr'>Bavarico;</span> <span class='ocrx_word' id='word_1_89' title='bbox 529 838 611 868; x_wconf 93' lang='lat' dir='ltr'>tum</span> <span class='ocrx_word' id='word_1_90' title='bbox 630 831 742 869; x_wconf 88' lang='lat' dir='ltr'>aliam</span> <span class='ocrx_word' id='word_1_91' title='bbox 763 831 934 869; x_wconf 87' lang='lat' dir='ltr'>tabulam</span> <span class='ocrx_word' id='word_1_92' title='bbox 954 830 1144 877; x_wconf 85' lang='lat' dir='ltr'>locorum,</span> <span class='ocrx_word' id='word_1_93' title='bbox 1167 843 1263 882; x_wconf 90' lang='lat' dir='ltr'>quos</span> <span class='ocrx_word' id='word_1_94' title='bbox 1283 831 1471 868; x_wconf 87' lang='lat' dir='ltr'>arbitratu</span> <span class='ocrx_word' id='word_1_95' title='bbox 1490 843 1580 867; x_wconf 89' lang='lat' dir='ltr'>meo</span> 
     </span>
     <span class='ocr_line' id='line_1_12' title="bbox 118 890 1579 944; baseline 0.001 -17"><span class='ocrx_word' id='word_1_96' title='bbox 118 903 170 928; x_wconf 87' lang='lat' dir='ltr'>ex</span> <span class='ocrx_word' id='word_1_97' title='bbox 190 890 345 941; x_wconf 84' lang='lat' dir='ltr'>ingenio</span> <span class='ocrx_word' id='word_1_98' title='bbox 366 905 454 930; x_wconf 87' lang='lat' dir='ltr'>meo</span> <span class='ocrx_word' id='word_1_99' title='bbox 474 892 582 931; x_wconf 85' lang='lat' dir='ltr'>aliter</span> <span class='ocrx_word' id='word_1_100' title='bbox 602 893 771 939; x_wconf 79' lang='lat' dir='ltr'>exhibui,</span> <span class='ocrx_word' id='word_1_101' title='bbox 798 900 913 943; x_wconf 84' lang='lat' dir='ltr'>atque</span> <span class='ocrx_word' id='word_1_102' title='bbox 939 893 1120 943; x_wconf 83' lang='lat' dir='ltr'>leguntur</span> <span class='ocrx_word' id='word_1_103' title='bbox 1147 893 1184 929; x_wconf 90' lang='lat' dir='ltr'>in</span> <span class='ocrx_word' id='word_1_104' title='bbox 1206 892 1311 930; x_wconf 89' lang='lat' dir='ltr'>libris</span> <span class='ocrx_word' id='word_1_105' title='bbox 1331 892 1552 944; x_wconf 84' lang='lat' dir='ltr'>vulgaribus</span> <span class='ocrx_word' id='word_1_106' title='bbox 1570 907 1579 935; x_wconf 93' lang='grc'><strong>;</strong></span> 
     </span>
     <span class='ocr_line' id='line_1_13' title="bbox 115 953 1580 1005; baseline 0.001 -16"><span class='ocrx_word' id='word_1_107' title='bbox 115 953 268 990; x_wconf 83' lang='lat' dir='ltr'>tertiam</span> <span class='ocrx_word' id='word_1_108' title='bbox 294 953 473 1005; x_wconf 81' lang='lat' dir='ltr'>denique,</span> <span class='ocrx_word' id='word_1_109' title='bbox 505 968 581 1005; x_wconf 85' lang='lat' dir='ltr'>qua</span> <span class='ocrx_word' id='word_1_110' title='bbox 606 954 796 993; x_wconf 84' lang='lat' dir='ltr'>lectiones</span> <span class='ocrx_word' id='word_1_111' title='bbox 816 968 839 993; x_wconf 89' lang='lat' dir='ltr'>a</span> <span class='ocrx_word' id='word_1_112' title='bbox 858 954 1016 1000; x_wconf 87' lang='lat' dir='ltr'>Wolfio,</span> <span class='ocrx_word' id='word_1_113' title='bbox 1046 954 1216 1005; x_wconf 90' lang='lat' dir='ltr'>Tayloro</span> <span class='ocrx_word' id='word_1_114' title='bbox 1236 954 1396 1005; x_wconf 85' lang='lat' dir='ltr'>aliisque</span> <span class='ocrx_word' id='word_1_115' title='bbox 1418 953 1580 1004; x_wconf 82' lang='lat' dir='ltr'>excogi-</span> 
     </span>
     <span class='ocr_line' id='line_1_14' title="bbox 119 1015 1580 1068; baseline 0 -17"><span class='ocrx_word' id='word_1_116' title='bbox 119 1020 232 1060; x_wconf 84' lang='lat' dir='ltr'>tatas,</span> <span class='ocrx_word' id='word_1_117' title='bbox 258 1022 297 1053; x_wconf 88' lang='lat' dir='ltr'>et</span> <span class='ocrx_word' id='word_1_118' title='bbox 316 1028 338 1053; x_wconf 87' lang='lat' dir='ltr'>a</span> <span class='ocrx_word' id='word_1_119' title='bbox 358 1028 417 1052; x_wconf 88' lang='lat' dir='ltr'>me</span> <span class='ocrx_word' id='word_1_120' title='bbox 443 1015 481 1052; x_wconf 92' lang='lat' dir='ltr'>in</span> <span class='ocrx_word' id='word_1_121' title='bbox 512 1023 660 1053; x_wconf 84' lang='lat' dir='ltr'>textum</span> <span class='ocrx_word' id='word_1_122' title='bbox 690 1024 881 1068; x_wconf 85' lang='lat' dir='ltr'>receptas,</span> <span class='ocrx_word' id='word_1_123' title='bbox 910 1015 1207 1066; x_wconf 74' lang='lat' dir='ltr'>repraesentabo.</span> <span class='ocrx_word' id='word_1_124' title='bbox 1267 1015 1468 1053; x_wconf 90' lang='lat' dir='ltr'>Postremo</span> <span class='ocrx_word' id='word_1_125' title='bbox 1493 1015 1580 1052; x_wconf 91' lang='lat' dir='ltr'>loco</span> 
     </span>
     <span class='ocr_line' id='line_1_15' title="bbox 117 1076 1580 1128; baseline 0.002 -16"><span class='ocrx_word' id='word_1_126' title='bbox 117 1076 272 1114; x_wconf 87' lang='lat' dir='ltr'>nomina</span> <span class='ocrx_word' id='word_1_127' title='bbox 291 1077 401 1114; x_wconf 86' lang='lat' dir='ltr'>edam</span> <span class='ocrx_word' id='word_1_128' title='bbox 422 1090 567 1123; x_wconf 88' lang='lat' dir='ltr'>eorum,</span> <span class='ocrx_word' id='word_1_129' title='bbox 590 1091 654 1128; x_wconf 82' lang='lat' dir='ltr'>qul</span> <span class='ocrx_word' id='word_1_130' title='bbox 680 1078 864 1128; x_wconf 82' lang='lat' dir='ltr'>pecunias</span> <span class='ocrx_word' id='word_1_131' title='bbox 895 1077 932 1114; x_wconf 89' lang='lat' dir='ltr'>in</span> <span class='ocrx_word' id='word_1_132' title='bbox 958 1077 1062 1116; x_wconf 89' lang='lat' dir='ltr'>hunc</span> <span class='ocrx_word' id='word_1_133' title='bbox 1091 1077 1256 1128; x_wconf 89' lang='lat' dir='ltr'>primum</span> <span class='ocrx_word' id='word_1_134' title='bbox 1279 1077 1404 1128; x_wconf 89' lang='lat' dir='ltr'>operis</span> <span class='ocrx_word' id='word_1_135' title='bbox 1428 1076 1503 1114; x_wconf 92' lang='lat' dir='ltr'>mei</span> <span class='ocrx_word' id='word_1_136' title='bbox 1525 1084 1580 1115; x_wconf 89' lang='lat' dir='ltr'>to-</span> 
     </span>
     <span class='ocr_line' id='line_1_16' title="bbox 116 1137 1578 1190; baseline 0.002 -17"><span class='ocrx_word' id='word_1_137' title='bbox 116 1150 220 1174; x_wconf 88' lang='lat' dir='ltr'>mum</span> <span class='ocrx_word' id='word_1_138' title='bbox 241 1137 280 1174; x_wconf 89' lang='lat' dir='ltr'>in</span> <span class='ocrx_word' id='word_1_139' title='bbox 299 1146 541 1177; x_wconf 83' lang='lat' dir='ltr'>antecessum</span> <span class='ocrx_word' id='word_1_140' title='bbox 563 1151 723 1190; x_wconf 84' lang='lat' dir='ltr'>erogare</span> <span class='ocrx_word' id='word_1_141' title='bbox 744 1140 961 1186; x_wconf 87' lang='lat' dir='ltr'>voluerunt,</span> <span class='ocrx_word' id='word_1_142' title='bbox 984 1152 1080 1190; x_wconf 91' lang='lat' dir='ltr'>quos</span> <span class='ocrx_word' id='word_1_143' title='bbox 1100 1139 1215 1190; x_wconf 86' lang='lat' dir='ltr'>vulgo</span> <span class='ocrx_word' id='word_1_144' title='bbox 1243 1139 1578 1177; x_wconf 84' lang='lat' dir='ltr'>Praenumerantes</span> 
     </span>
     <span class='ocr_line' id='line_1_17' title="bbox 117 1194 914 1249; baseline 0.004 -14"><span class='ocrx_word' id='word_1_145' title='bbox 117 1199 328 1249; x_wconf 84' lang='lat' dir='ltr'>appellant.</span> <span class='ocrx_word' id='word_1_146' title='bbox 911 1194 914 1198; x_wconf 55' lang='grc'><strong>’</strong></span> 
     </span>
    </p>
   </div>
   <div class='ocr_carea' id='block_1_3' title="bbox 621 1479 1077 1522">
    <p class='ocr_par' dir='ltr' id='par_1_3' title="bbox 621 1479 1077 1522">
     <span class='ocr_line' id='line_1_18' title="bbox 621 1479 1077 1522; baseline 0 0"><span class='ocrx_word' id='word_1_147' title='bbox 621 1480 790 1522; x_wconf 85' lang='lat' dir='ltr'>SECT.</span> <span class='ocrx_word' id='word_1_148' title='bbox 827 1479 1077 1522; x_wconf 86' lang='lat' dir='ltr'><strong>XXVIII.</strong></span> 
     </span>
    </p>
   </div>
   <div class='ocr_carea' id='block_1_4' title="bbox 516 1595 1181 1646">
    <p class='ocr_par' dir='ltr' id='par_1_4' title="bbox 516 1595 1181 1646">
     <span class='ocr_line' id='line_1_19' title="bbox 516 1595 1181 1646; baseline -0.002 -14"><span class='ocrx_word' id='word_1_149' title='bbox 516 1595 577 1632; x_wconf 83' lang='lat' dir='ltr'>De</span> <span class='ocrx_word' id='word_1_150' title='bbox 597 1596 798 1633; x_wconf 76' lang='lat' dir='ltr'>discrimine</span> <span class='ocrx_word' id='word_1_151' title='bbox 816 1598 1005 1646; x_wconf 74' lang='lat' dir='ltr'>utriusque</span> <span class='ocrx_word' id='word_1_152' title='bbox 1026 1596 1061 1632; x_wconf 85' lang='lat' dir='ltr'><em>A</em></span> <span class='ocrx_word' id='word_1_153' title='bbox 1067 1596 1181 1632; x_wconf 77' lang='lat' dir='ltr'>ldinae.</span> 
     </span>
    </p>
   </div>
   <div class='ocr_carea' id='block_1_5' title="bbox 109 1697 1581 2935">
    <p class='ocr_par' dir='ltr' id='par_1_5' title="bbox 109 1697 1578 2618">
     <span class='ocr_line' id='line_1_20' title="bbox 167 1697 1575 1751; baseline -0.001 -15"><span class='ocrx_word' id='word_1_154' title='bbox 167 1697 317 1736; x_wconf 79' lang='lat' dir='ltr'>SUPRA</span> <span class='ocrx_word' id='word_1_155' title='bbox 333 1711 370 1749; x_wconf 89' lang='lat' dir='ltr'>p.</span> <span class='ocrx_word' id='word_1_156' title='bbox 384 1697 500 1736; x_wconf 83' lang='lat' dir='ltr'>cxlix.</span> <span class='ocrx_word' id='word_1_157' title='bbox 517 1699 755 1749; x_wconf 81' lang='lat' dir='ltr'>praefationis</span> <span class='ocrx_word' id='word_1_158' title='bbox 771 1699 965 1747; x_wconf 85' lang='lat' dir='ltr'>affirmavi,</span> <span class='ocrx_word' id='word_1_159' title='bbox 974 1699 1162 1749; x_wconf 88' lang='lat' dir='ltr'>judicium</span> <span class='ocrx_word' id='word_1_160' title='bbox 1179 1699 1432 1751; x_wconf 74' lang='lat' dir='ltr'>praecipitans,</span> <span class='ocrx_word' id='word_1_161' title='bbox 1443 1712 1485 1737; x_wconf 87' lang='lat' dir='ltr'>re</span> <span class='ocrx_word' id='word_1_162' title='bbox 1499 1711 1575 1737; x_wconf 85' lang='lat' dir='ltr'>non</span> 
     </span>
     <span class='ocr_line' id='line_1_21' title="bbox 113 1760 1576 1813; baseline -0.001 -14"><span class='ocrx_word' id='word_1_163' title='bbox 113 1760 203 1799; x_wconf 86' lang='lat' dir='ltr'>satis</span> <span class='ocrx_word' id='word_1_164' title='bbox 225 1760 434 1812; x_wconf 83' lang='lat' dir='ltr'>explorata,</span> <span class='ocrx_word' id='word_1_165' title='bbox 456 1762 587 1800; x_wconf 86' lang='lat' dir='ltr'>ambas</span> <span class='ocrx_word' id='word_1_166' title='bbox 610 1761 774 1800; x_wconf 87' lang='lat' dir='ltr'>Aldinas</span> <span class='ocrx_word' id='word_1_167' title='bbox 793 1762 1020 1813; x_wconf 87' lang='lat' dir='ltr'>paginarum</span> <span class='ocrx_word' id='word_1_168' title='bbox 1041 1769 1079 1801; x_wconf 91' lang='lat' dir='ltr'>et</span> <span class='ocrx_word' id='word_1_169' title='bbox 1097 1775 1276 1800; x_wconf 86' lang='lat' dir='ltr'>versuum</span> <span class='ocrx_word' id='word_1_170' title='bbox 1295 1775 1455 1800; x_wconf 88' lang='lat' dir='ltr'>numero</span> <span class='ocrx_word' id='word_1_171' title='bbox 1475 1761 1576 1799; x_wconf 90' lang='lat' dir='ltr'>inter</span> 
     </span>
     <span class='ocr_line' id='line_1_22' title="bbox 112 1823 1577 1875; baseline 0 -14"><span class='ocrx_word' id='word_1_172' title='bbox 112 1823 156 1861; x_wconf 66' lang='lat' dir='ltr'>se&#39;</span> <span class='ocrx_word' id='word_1_173' title='bbox 176 1823 394 1861; x_wconf 84' lang='lat' dir='ltr'>convenire.</span> <span class='ocrx_word' id='word_1_174' title='bbox 450 1823 497 1860; x_wconf 91' lang='lat' dir='ltr'>In</span> <span class='ocrx_word' id='word_1_175' title='bbox 516 1837 591 1874; x_wconf 92' lang='lat' dir='ltr'>quo</span> <span class='ocrx_word' id='word_1_176' title='bbox 611 1836 674 1861; x_wconf 90' lang='lat' dir='ltr'>me</span> <span class='ocrx_word' id='word_1_177' title='bbox 693 1824 833 1862; x_wconf 89' lang='lat' dir='ltr'>falsum</span> <span class='ocrx_word' id='word_1_178' title='bbox 852 1824 984 1870; x_wconf 84' lang='lat' dir='ltr'>fuisse,</span> <span class='ocrx_word' id='word_1_179' title='bbox 1006 1824 1178 1875; x_wconf 88' lang='lat' dir='ltr'>aliosque</span> <span class='ocrx_word' id='word_1_180' title='bbox 1205 1824 1493 1875; x_wconf 84' lang='lat' dir='ltr'>imprudentem</span> <span class='ocrx_word' id='word_1_181' title='bbox 1522 1823 1577 1861; x_wconf 86' lang='lat' dir='ltr'>fe-</span> 
     </span>
     <span class='ocr_line' id='line_1_23' title="bbox 111 1885 1576 1937; baseline 0.001 -15"><span class='ocrx_word' id='word_1_182' title='bbox 111 1885 270 1929; x_wconf 85' lang='lat' dir='ltr'>fellisse,</span> <span class='ocrx_word' id='word_1_183' title='bbox 291 1898 354 1923; x_wconf 87' lang='lat' dir='ltr'>me</span> <span class='ocrx_word' id='word_1_184' title='bbox 374 1885 504 1923; x_wconf 89' lang='lat' dir='ltr'>docuit</span> <span class='ocrx_word' id='word_1_185' title='bbox 517 1885 762 1937; x_wconf 87' lang='lat' dir='ltr'>postmodum</span> <span class='ocrx_word' id='word_1_186' title='bbox 783 1886 1004 1937; x_wconf 82' lang='lat' dir='ltr'>diligentior</span> <span class='ocrx_word' id='word_1_187' title='bbox 1023 1887 1220 1937; x_wconf 87' lang='lat' dir='ltr'>utriusque</span> <span class='ocrx_word' id='word_1_188' title='bbox 1239 1885 1441 1937; x_wconf 88' lang='lat' dir='ltr'>inspectio.</span> <span class='ocrx_word' id='word_1_189' title='bbox 1484 1885 1576 1923; x_wconf 86' lang='lat' dir='ltr'>Dis-</span> 
     </span>
     <span class='ocr_line' id='line_1_24' title="bbox 112 1947 1575 1995; baseline -0.001 -10"><span class='ocrx_word' id='word_1_190' title='bbox 112 1947 281 1985; x_wconf 83' lang='lat' dir='ltr'>sentiunt</span> <span class='ocrx_word' id='word_1_191' title='bbox 311 1947 505 1986; x_wconf 88' lang='lat' dir='ltr'>enimvero</span> <span class='ocrx_word' id='word_1_192' title='bbox 534 1947 611 1985; x_wconf 82' lang='lat' dir='ltr'>illae</span> <span class='ocrx_word' id='word_1_193' title='bbox 641 1948 729 1986; x_wconf 83' lang='lat' dir='ltr'>duae</span> <span class='ocrx_word' id='word_1_194' title='bbox 759 1947 950 1986; x_wconf 89' lang='lat' dir='ltr'>editiones</span> <span class='ocrx_word' id='word_1_195' title='bbox 975 1948 1077 1986; x_wconf 90' lang='lat' dir='ltr'>inter</span> <span class='ocrx_word' id='word_1_196' title='bbox 1106 1962 1161 1995; x_wconf 84' lang='lat' dir='ltr'>se,</span> <span class='ocrx_word' id='word_1_197' title='bbox 1181 1962 1258 1985; x_wconf 89' lang='lat' dir='ltr'>non</span> <span class='ocrx_word' id='word_1_198' title='bbox 1283 1948 1323 1985; x_wconf 88' lang='lat' dir='ltr'>in</span> <span class='ocrx_word' id='word_1_199' title='bbox 1342 1947 1575 1986; x_wconf 84' lang='lat' dir='ltr'>lectionibus</span> 
     </span>
     <span class='ocr_line' id='line_1_25' title="bbox 111 2008 1577 2061; baseline 0.001 -16"><span class='ocrx_word' id='word_1_200' title='bbox 111 2008 242 2054; x_wconf 85' lang='lat' dir='ltr'>modo,</span> <span class='ocrx_word' id='word_1_201' title='bbox 272 2009 343 2046; x_wconf 89' lang='lat' dir='ltr'>sed</span> <span class='ocrx_word' id='word_1_202' title='bbox 369 2009 485 2047; x_wconf 86' lang='lat' dir='ltr'>etiam</span> <span class='ocrx_word' id='word_1_203' title='bbox 510 2010 639 2048; x_wconf 86' lang='lat' dir='ltr'>m&#39;ultis</span> <span class='ocrx_word' id='word_1_204' title='bbox 667 2009 749 2048; x_wconf 86' lang='lat' dir='ltr'>aliis</span> <span class='ocrx_word' id='word_1_205' title='bbox 776 2011 904 2049; x_wconf 84' lang='lat' dir='ltr'>rebus.</span> <span class='ocrx_word' id='word_1_206' title='bbox 961 2010 1186 2048; x_wconf 84' lang='lat' dir='ltr'>Taediosum</span> <span class='ocrx_word' id='word_1_207' title='bbox 1212 2010 1261 2048; x_wconf 88' lang='lat' dir='ltr'>sit</span> <span class='ocrx_word' id='word_1_208' title='bbox 1290 2009 1467 2060; x_wconf 85' lang='lat' dir='ltr'>exempla</span> <span class='ocrx_word' id='word_1_209' title='bbox 1496 2011 1577 2061; x_wconf 85' lang='lat' dir='ltr'>ejus</span> 
     </span>
     <span class='ocr_line' id='line_1_26' title="bbox 112 2068 1578 2122; baseline 0.001 -16"><span class='ocrx_word' id='word_1_210' title='bbox 112 2068 169 2106; x_wconf 89' lang='lat' dir='ltr'>rei</span> <span class='ocrx_word' id='word_1_211' title='bbox 187 2069 307 2107; x_wconf 90' lang='lat' dir='ltr'>multa</span> <span class='ocrx_word' id='word_1_212' title='bbox 325 2083 563 2121; x_wconf 85' lang='lat' dir='ltr'>proponere;</span> <span class='ocrx_word' id='word_1_213' title='bbox 590 2074 698 2120; x_wconf 87' lang='lat' dir='ltr'>juvat</span> <span class='ocrx_word' id='word_1_214' title='bbox 713 2078 843 2109; x_wconf 88' lang='lat' dir='ltr'>tamen</span> <span class='ocrx_word' id='word_1_215' title='bbox 861 2071 1037 2122; x_wconf 86' lang='lat' dir='ltr'>quaedam</span> <span class='ocrx_word' id='word_1_216' title='bbox 1059 2073 1264 2111; x_wconf 86' lang='lat' dir='ltr'>observatu</span> <span class='ocrx_word' id='word_1_217' title='bbox 1284 2071 1459 2109; x_wconf 84' lang='lat' dir='ltr'>faciliora</span> <span class='ocrx_word' id='word_1_218' title='bbox 1478 2077 1518 2108; x_wconf 88' lang='lat' dir='ltr'>et</span> <span class='ocrx_word' id='word_1_219' title='bbox 1536 2070 1578 2108; x_wconf 90' lang='lat' dir='ltr'>in</span> 
     </span>
     <span class='ocr_line' id='line_1_27' title="bbox 113 2130 1577 2183; baseline 0.001 -16"><span class='ocrx_word' id='word_1_220' title='bbox 113 2130 246 2169; x_wconf 86' lang='lat' dir='ltr'>oculos</span> <span class='ocrx_word' id='word_1_221' title='bbox 272 2131 401 2170; x_wconf 85' lang='lat' dir='ltr'>statim</span> <span class='ocrx_word' id='word_1_222' title='bbox 420 2132 653 2170; x_wconf 86' lang='lat' dir='ltr'>incurrentia</span> <span class='ocrx_word' id='word_1_223' title='bbox 672 2132 783 2183; x_wconf 85' lang='lat' dir='ltr'>signa</span> <span class='ocrx_word' id='word_1_224' title='bbox 803 2132 933 2179; x_wconf 90' lang='lat' dir='ltr'>edere,</span> <span class='ocrx_word' id='word_1_225' title='bbox 961 2145 1094 2170; x_wconf 90' lang='lat' dir='ltr'>eorum</span> <span class='ocrx_word' id='word_1_226' title='bbox 1122 2133 1161 2170; x_wconf 92' lang='lat' dir='ltr'>in</span> <span class='ocrx_word' id='word_1_227' title='bbox 1181 2132 1358 2183; x_wconf 82' lang='lat' dir='ltr'>gratiam,</span> <span class='ocrx_word' id='word_1_228' title='bbox 1379 2131 1409 2171; x_wconf 92' lang='lat' dir='ltr'>si</span> <span class='ocrx_word' id='word_1_229' title='bbox 1429 2131 1494 2183; x_wconf 89' lang='lat' dir='ltr'>qui</span> <span class='ocrx_word' id='word_1_230' title='bbox 1510 2138 1577 2169; x_wconf 91' lang='lat' dir='ltr'>aut</span> 
     </span>
     <span class='ocr_line' id='line_1_28' title="bbox 112 2193 1578 2245; baseline -0.001 -14"><span class='ocrx_word' id='word_1_231' title='bbox 112 2199 286 2231; x_wconf 89' lang='lat' dir='ltr'>vetustos</span> <span class='ocrx_word' id='word_1_232' title='bbox 305 2193 422 2232; x_wconf 89' lang='lat' dir='ltr'>libros</span> <span class='ocrx_word' id='word_1_233' title='bbox 443 2207 623 2232; x_wconf 89' lang='lat' dir='ltr'>coemere</span> <span class='ocrx_word' id='word_1_234' title='bbox 643 2200 785 2240; x_wconf 86' lang='lat' dir='ltr'>amant,</span> <span class='ocrx_word' id='word_1_235' title='bbox 807 2200 873 2232; x_wconf 86' lang='lat' dir='ltr'>aut</span> <span class='ocrx_word' id='word_1_236' title='bbox 891 2194 1049 2233; x_wconf 90' lang='lat' dir='ltr'>historia</span> <span class='ocrx_word' id='word_1_237' title='bbox 1067 2194 1261 2233; x_wconf 87' lang='lat' dir='ltr'>nascentis</span> <span class='ocrx_word' id='word_1_238' title='bbox 1281 2194 1372 2232; x_wconf 89' lang='lat' dir='ltr'>artis</span> <span class='ocrx_word' id='word_1_239' title='bbox 1392 2200 1578 2245; x_wconf 83' lang='lat' dir='ltr'>typogra-</span> 
     </span>
     <span class='ocr_line' id='line_1_29' title="bbox 111 2254 1577 2305; baseline 0.001 -15"><span class='ocrx_word' id='word_1_240' title='bbox 111 2254 239 2305; x_wconf 86' lang='lat' dir='ltr'>phicae</span> <span class='ocrx_word' id='word_1_241' title='bbox 260 2254 516 2302; x_wconf 85' lang='lat' dir='ltr'>delectantur,</span> <span class='ocrx_word' id='word_1_242' title='bbox 534 2263 600 2293; x_wconf 89' lang='lat' dir='ltr'>aut</span> <span class='ocrx_word' id='word_1_243' title='bbox 621 2255 795 2294; x_wconf 88' lang='lat' dir='ltr'>criticam</span> <span class='ocrx_word' id='word_1_244' title='bbox 810 2263 1012 2294; x_wconf 85' lang='lat' dir='ltr'>exercent.</span> <span class='ocrx_word' id='word_1_245' title='bbox 1044 2256 1192 2298; x_wconf 82' lang='lat' dir='ltr'>Quibus</span> <span class='ocrx_word' id='word_1_246' title='bbox 1206 2256 1313 2294; x_wconf 87' lang='lat' dir='ltr'>haud</span> <span class='ocrx_word' id='word_1_247' title='bbox 1327 2255 1577 2305; x_wconf 87' lang='lat' dir='ltr'>injucundam</span> 
     </span>
     <span class='ocr_line' id='line_1_30' title="bbox 111 2311 1577 2373; baseline 0.001 -21"><span class='ocrx_word' id='word_1_248' title='bbox 111 2315 195 2353; x_wconf 86' lang='lat' dir='ltr'>fore</span> <span class='ocrx_word' id='word_1_249' title='bbox 223 2329 334 2367; x_wconf 88' lang='lat' dir='ltr'>spero</span> <span class='ocrx_word' id='word_1_250' title='bbox 360 2317 537 2373; x_wconf 39' lang='lat' dir='ltr'>hanc-de</span> <span class='ocrx_word' id='word_1_251' title='bbox 566 2317 710 2355; x_wconf 87' lang='lat' dir='ltr'>Aldina</span> <span class='ocrx_word' id='word_1_252' title='bbox 739 2317 1015 2356; x_wconf 84' lang='lat' dir='ltr'>Demosthenis</span> <span class='ocrx_word' id='word_1_253' title='bbox 1045 2311 1384 2356; x_wconf 79' lang='lat' dir='ltr'>dissertationem.&#39;</span> <span class='ocrx_word' id='word_1_254' title='bbox 1425 2317 1473 2354; x_wconf 92' lang='lat' dir='ltr'>In</span> <span class='ocrx_word' id='word_1_255' title='bbox 1492 2317 1577 2368; x_wconf 88' lang='lat' dir='ltr'>ipso</span> 
     </span>
     <span class='ocr_line' id='line_1_31' title="bbox 109 2379 1577 2432; baseline -0.001 -16"><span class='ocrx_word' id='word_1_256' title='bbox 109 2379 239 2416; x_wconf 87' lang='lat' dir='ltr'>statim</span> <span class='ocrx_word' id='word_1_257' title='bbox 255 2379 364 2417; x_wconf 90' lang='lat' dir='ltr'>titulo</span> <span class='ocrx_word' id='word_1_258' title='bbox 378 2380 535 2431; x_wconf 88' lang='lat' dir='ltr'>insignis</span> <span class='ocrx_word' id='word_1_259' title='bbox 551 2388 591 2420; x_wconf 90' lang='lat' dir='ltr'>et</span> <span class='ocrx_word' id='word_1_260' title='bbox 604 2380 762 2419; x_wconf 90' lang='lat' dir='ltr'>evidens</span> <span class='ocrx_word' id='word_1_261' title='bbox 779 2381 1015 2432; x_wconf 89' lang='lat' dir='ltr'>conspicitur</span> <span class='ocrx_word' id='word_1_262' title='bbox 1035 2380 1306 2432; x_wconf 85' lang='lat' dir='ltr'>discrepantia.</span> <span class='ocrx_word' id='word_1_263' title='bbox 1346 2379 1577 2431; x_wconf 89' lang='lat' dir='ltr'>Compendii</span> 
     </span>
     <span class='ocr_line' id='line_1_32' title="bbox 109 2442 1575 2495; baseline 0 -16"><span class='ocrx_word' id='word_1_264' title='bbox 109 2454 225 2479; x_wconf 83' lang='lat' dir='ltr'>causa</span> <span class='ocrx_word' id='word_1_265' title='bbox 245 2442 495 2483; x_wconf 82' lang='lat' dir='ltr'>vetustiorem</span> <span class='ocrx_word' id='word_1_266' title='bbox 523 2444 730 2495; x_wconf 88' lang='lat' dir='ltr'>appellabo</span> <span class='ocrx_word' id='word_1_267' title='bbox 761 2444 812 2481; x_wconf 93' lang='lat' dir='ltr'>A.</span> <span class='ocrx_word' id='word_1_268' title='bbox 838 2443 1033 2492; x_wconf 75' lang='lat' dir='ltr'>Juniorem</span> <span class='ocrx_word' id='word_1_269' title='bbox 1062 2443 1109 2480; x_wconf 86' lang='lat' dir='ltr'>B.</span> <span class='ocrx_word' id='word_1_270' title='bbox 1165 2443 1213 2481; x_wconf 90' lang='lat' dir='ltr'>In</span> <span class='ocrx_word' id='word_1_271' title='bbox 1235 2444 1287 2481; x_wconf 94' lang='lat' dir='ltr'>A.</span> <span class='ocrx_word' id='word_1_272' title='bbox 1308 2443 1439 2493; x_wconf 86' lang='lat' dir='ltr'>itaque</span> <span class='ocrx_word' id='word_1_273' title='bbox 1459 2455 1575 2480; x_wconf 90' lang='lat' dir='ltr'>versu</span> 
     </span>
     <span class='ocr_line' id='line_1_33' title="bbox 110 2504 1577 2554; baseline 0 -14"><span class='ocrx_word' id='word_1_274' title='bbox 110 2504 234 2554; x_wconf 82' lang='lat' dir='ltr'>primo</span> <span class='ocrx_word' id='word_1_275' title='bbox 254 2504 365 2542; x_wconf 85' lang='lat' dir='ltr'>litera</span> <span class='ocrx_word' id='word_1_276' title='bbox 384 2505 499 2543; x_wconf 88' lang='lat' dir='ltr'>tertia</span> <span class='ocrx_word' id='word_1_277' title='bbox 517 2505 697 2545; x_wconf 86' lang='lat' dir='ltr'>vocabuli</span> <span class='ocrx_word' id='word_1_278' title='bbox 727 2507 836 2552; x_wconf 84' lang='grc' dir='ltr'>λόγοι</span> <span class='ocrx_word' id='word_1_279' title='bbox 866 2511 1022 2543; x_wconf 84' lang='lat' dir='ltr'>exarata</span> <span class='ocrx_word' id='word_1_280' title='bbox 1047 2512 1106 2544; x_wconf 88' lang='lat' dir='ltr'>est</span> <span class='ocrx_word' id='word_1_281' title='bbox 1128 2505 1184 2544; x_wconf 90' lang='lat' dir='ltr'>sic</span> <span class='ocrx_word' id='word_1_282' title='bbox 1206 2509 1292 2552; x_wconf 76' lang='lat' dir='ltr'>f(ut</span> <span class='ocrx_word' id='word_1_283' title='bbox 1310 2504 1343 2542; x_wconf 92' lang='grc' dir='ltr'>Γ</span> <span class='ocrx_word' id='word_1_284' title='bbox 1361 2504 1485 2541; x_wconf 86' lang='lat' dir='ltr'>minus</span> <span class='ocrx_word' id='word_1_285' title='bbox 1516 2517 1577 2541; x_wconf 89' lang='lat' dir='ltr'>re-</span> 
     </span>
     <span class='ocr_line' id='line_1_34' title="bbox 109 2565 1573 2618; baseline -0.001 -16"><span class='ocrx_word' id='word_1_286' title='bbox 109 2566 222 2615; x_wconf 85' lang='lat' dir='ltr'>ferat)</span> <span class='ocrx_word' id='word_1_287' title='bbox 244 2567 282 2603; x_wconf 91' lang='lat' dir='ltr'>in</span> <span class='ocrx_word' id='word_1_288' title='bbox 307 2567 352 2605; x_wconf 84' lang='lat' dir='ltr'>B.</span> <span class='ocrx_word' id='word_1_289' title='bbox 380 2574 508 2606; x_wconf 85' lang='lat' dir='ltr'>autem</span> <span class='ocrx_word' id='word_1_290' title='bbox 533 2585 571 2615; x_wconf 85' lang='grc' dir='ltr'>γ.</span> <span class='ocrx_word' id='word_1_291' title='bbox 630 2568 755 2605; x_wconf 87' lang='lat' dir='ltr'>Versu</span> <span class='ocrx_word' id='word_1_292' title='bbox 783 2566 952 2605; x_wconf 85' lang='lat' dir='ltr'>seeundo</span> <span class='ocrx_word' id='word_1_293' title='bbox 980 2566 1123 2618; x_wconf 85' lang='lat' dir='ltr'>legitur</span> <span class='ocrx_word' id='word_1_294' title='bbox 1152 2566 1190 2604; x_wconf 91' lang='lat' dir='ltr'>in</span> <span class='ocrx_word' id='word_1_295' title='bbox 1220 2568 1266 2604; x_wconf 90' lang='lat' dir='ltr'>A.</span> <span class='ocrx_word' id='word_1_296' title='bbox 1297 2565 1434 2604; x_wconf 75' lang='grc' dir='ltr'>αὐτούσ</span> <span class='ocrx_word' id='word_1_297' title='bbox 1461 2566 1500 2602; x_wconf 91' lang='lat' dir='ltr'>in</span> <span class='ocrx_word' id='word_1_298' title='bbox 1527 2565 1573 2602; x_wconf 85' lang='lat' dir='ltr'>B.</span> 
     </span>
    </p>

    <p class='ocr_par' dir='ltr' id='par_1_6' title="bbox 111 2636 1581 2935">
     <span class='ocr_line' id='line_1_35' title="bbox 165 2636 351 2673; baseline 0 -32"><span class='ocrx_word' id='word_1_299' title='bbox 165 2653 184 2673; x_wconf 75' lang='lat' dir='ltr'>r</span> <span class='ocrx_word' id='word_1_300' title='bbox 202 2639 210 2652; x_wconf 53' lang='lat'>„</span> <span class='ocrx_word' id='word_1_301' title='bbox 345 2636 351 2641; x_wconf 92' lang='lat'>.</span> 
     </span>
     <span class='ocr_line' id='line_1_36' title="bbox 113 2688 1577 2744; baseline 0 -18"><span class='ocrx_word' id='word_1_302' title='bbox 113 2692 227 2727; x_wconf 58' lang='lat' dir='ltr'>afim.</span> <span class='ocrx_word' id='word_1_303' title='bbox 287 2690 365 2728; x_wconf 89' lang='lat' dir='ltr'>Sed</span> <span class='ocrx_word' id='word_1_304' title='bbox 384 2698 549 2743; x_wconf 89' lang='lat' dir='ltr'>uterque</span> <span class='ocrx_word' id='word_1_305' title='bbox 570 2692 776 2744; x_wconf 87' lang='lat' dir='ltr'>delphinus</span> <span class='ocrx_word' id='word_1_306' title='bbox 797 2691 968 2743; x_wconf 86' lang='lat' dir='ltr'>inprimis</span> <span class='ocrx_word' id='word_1_307' title='bbox 996 2698 1054 2729; x_wconf 84' lang='lat' dir='ltr'>est</span> <span class='ocrx_word' id='word_1_308' title='bbox 1074 2690 1357 2728; x_wconf 90' lang='lat' dir='ltr'>dissimillimus.</span> <span class='ocrx_word' id='word_1_309' title='bbox 1381 2695 1419 2726; x_wconf 89' lang='lat' dir='ltr'>et</span> <span class='ocrx_word' id='word_1_310' title='bbox 1443 2688 1577 2726; x_wconf 80' lang='lat' dir='ltr'>taedio-</span> 
     </span>
     <span class='ocr_line' id='line_1_37' title="bbox 113 2751 1577 2803; baseline -0.002 -14"><span class='ocrx_word' id='word_1_311' title='bbox 113 2764 195 2789; x_wconf 88' lang='lat' dir='ltr'>sum</span> <span class='ocrx_word' id='word_1_312' title='bbox 216 2752 278 2800; x_wconf 87' lang='lat' dir='ltr'>sit,</span> <span class='ocrx_word' id='word_1_313' title='bbox 299 2765 426 2803; x_wconf 87' lang='lat' dir='ltr'>neque</span> <span class='ocrx_word' id='word_1_314' title='bbox 445 2753 560 2791; x_wconf 87' lang='lat' dir='ltr'>facile</span> <span class='ocrx_word' id='word_1_315' title='bbox 580 2754 658 2800; x_wconf 89' lang='lat' dir='ltr'>fiat,</span> <span class='ocrx_word' id='word_1_316' title='bbox 681 2761 724 2792; x_wconf 86' lang='lat' dir='ltr'>ut</span> <span class='ocrx_word' id='word_1_317' title='bbox 744 2754 917 2793; x_wconf 88' lang='lat' dir='ltr'>oratione</span> <span class='ocrx_word' id='word_1_318' title='bbox 938 2753 1202 2791; x_wconf 86' lang='lat' dir='ltr'>demonstrem</span> <span class='ocrx_word' id='word_1_319' title='bbox 1222 2752 1326 2790; x_wconf 89' lang='lat' dir='ltr'>illam</span> <span class='ocrx_word' id='word_1_320' title='bbox 1354 2751 1577 2800; x_wconf 89' lang='lat' dir='ltr'>discrepan-</span> 
     </span>
     <span class='ocr_line' id='line_1_38' title="bbox 111 2811 1573 2867; baseline -0.001 -19"><span class='ocrx_word' id='word_1_321' title='bbox 111 2812 229 2857; x_wconf 82' lang='lat' dir='ltr'>tiam;</span> <span class='ocrx_word' id='word_1_322' title='bbox 266 2815 383 2852; x_wconf 90' lang='lat' dir='ltr'>oculis</span> <span class='ocrx_word' id='word_1_323' title='bbox 403 2815 530 2866; x_wconf 85' lang='lat' dir='ltr'>potius</span> <span class='ocrx_word' id='word_1_324' title='bbox 557 2824 763 2867; x_wconf 89' lang='lat' dir='ltr'>utrumque</span> <span class='ocrx_word' id='word_1_325' title='bbox 790 2816 989 2867; x_wconf 85' lang='lat' dir='ltr'>subjiciam</span> <span class='ocrx_word' id='word_1_326' title='bbox 1017 2815 1124 2865; x_wconf 85' lang='lat' dir='ltr'>ligno</span> <span class='ocrx_word' id='word_1_327' title='bbox 1150 2814 1326 2860; x_wconf 83' lang='lat' dir='ltr'>incisum,</span> <span class='ocrx_word' id='word_1_328' title='bbox 1359 2814 1407 2851; x_wconf 85' lang='lat' dir='ltr'>ab</span> <span class='ocrx_word' id='word_1_329' title='bbox 1439 2811 1573 2855; x_wconf 85' lang='lat' dir='ltr'>Hafio‚</span> 
     </span>
     <span class='ocr_line' id='line_1_39' title="bbox 114 2873 1581 2935; baseline -0.001 -25"><span class='ocrx_word' id='word_1_330' title='bbox 114 2873 289 2912; x_wconf 85' lang='lat' dir='ltr'>Halense</span> <span class='ocrx_word' id='word_1_331' title='bbox 311 2876 449 2924; x_wconf 88' lang='lat' dir='ltr'>Suevo,</span> <span class='ocrx_word' id='word_1_332' title='bbox 470 2877 612 2916; x_wconf 88' lang='lat' dir='ltr'>solerte</span> <span class='ocrx_word' id='word_1_333' title='bbox 632 2878 792 2925; x_wconf 87' lang='lat' dir='ltr'>artifice,</span> <span class='ocrx_word' id='word_1_334' title='bbox 813 2878 877 2930; x_wconf 92' lang='lat' dir='ltr'>qui</span> <span class='ocrx_word' id='word_1_335' title='bbox 898 2877 1016 2916; x_wconf 86' lang='lat' dir='ltr'>etiam</span> <span class='ocrx_word' id='word_1_336' title='bbox 1034 2877 1211 2935; x_wconf 73' lang='lat' dir='ltr'>exempla</span> <span class='ocrx_word' id='word_1_337' title='bbox 1227 2885 1408 2928; x_wconf 87' lang='lat' dir='ltr'>typorum</span> <span class='ocrx_word' id='word_1_338' title='bbox 1425 2873 1581 2912; x_wconf 81' lang='lat' dir='ltr'>Aldino-</span> 
     </span>
    </p>
   </div>
   <div class='ocr_carea' id='block_1_6' title="bbox 174 2950 937 2986">
    <p class='ocr_par' dir='ltr' id='par_1_7' title="bbox 174 2950 937 2986">
     <span class='ocr_line' id='line_1_40' title="bbox 174 2950 937 2986; baseline 0.007 -5"><span class='ocrx_word' id='word_1_339' title='bbox 174 2956 271 2982; x_wconf 83' lang='lat' dir='ltr'>VOL.</span> <span class='ocrx_word' id='word_1_340' title='bbox 303 2957 331 2984; x_wconf 86' lang='lat'>1.</span> <span class='ocrx_word' id='word_1_341' title='bbox 873 2950 898 2986; x_wconf 71' lang='lat'>2</span> <span class='ocrx_word' id='word_1_342' title='bbox 918 2962 937 2985; x_wconf 86' lang='lat' dir='ltr'>c</span> 
     </span>
    </p>
   </div>
   <div class='ocr_carea' id='block_1_7' title="bbox 1660 2890 1675 2899">
    <p class='ocr_par' dir='ltr' id='par_1_8' title="bbox 1660 2890 1675 2899">
     <span class='ocr_line' id='line_1_41' title="bbox 1660 2890 1675 2899; baseline 0 0"><span class='ocrx_word' id='word_1_343' title='bbox 1660 2890 1675 2899; x_wconf 75' lang='lat' dir='ltr'>e</span> 
     </span>
    </p>
   </div>
  </div>
 </body>
</html>
