1824 3171
149 123 250 164 xlviii
585 125 913 164 HIERONYMI
944 123 1143 163 WOLFII

145 226 344 273 videbitur,
364 234 403 265 et
423 227 569 272 exilius,
591 227 620 265 is
641 227 784 279 cogitet
803 229 928 274 velim,
948 229 1072 280 ipsum
1093 228 1395 266 Demosthenem
1414 225 1498 277 plus
1516 225 1583 263 ha*

145 290 237 327 bere
257 289 393 327 ossium
414 297 453 327 et
472 302 683 334 nervorum,
703 303 816 339 quam
845 290 1035 339 sanguinis
1064 297 1101 326 et
1122 289 1254 327 carnis.
1309 289 1365 327 Ut
1383 288 1498 338 igitur
1516 287 1581 324 illa

147 351 333 402 (volentes
352 351 520 400 quidem)
541 351 575 388 ei
596 363 670 387 non
689 349 937 396 detraximus,
956 352 1008 388 ita
1026 351 1111 388 haec
1131 350 1274 388 addere
1295 363 1369 387 non
1387 349 1503 387 fuerit
1522 348 1579 384 in-

144 412 336 462 terpretis,
357 411 425 448 sed
441 412 709 462 paraphrastae‚
729 425 796 449 suo
816 412 996 450 arbitratu
1016 411 1276 449 declamantis.
1333 410 1470 448 Cicero
1488 422 1579 460 pro-

142 472 260 518 fecto,
278 473 306 510 si
323 472 356 510 ei
373 485 498 510 causae
513 472 658 509 eaedem
677 473 839 522 agendae
858 473 1029 517 fuissent,
1045 472 1159 522 longe
1180 472 1309 522 utique
1328 472 1364 508 in
1387 471 1577 522 plerisque

143 538 322 582 maj0rem
342 539 560 583 apparatum
581 533 779 569 verborum
801 533 1056 571 adhibuisset:
1095 540 1133 571 et
1152 546 1237 582 quae
1256 545 1279 569 a
1296 539 1424 569 nostro
1444 538 1579 569 autore

143 594 308 632 indicata
321 602 407 632 sunt
423 594 570 631 brevius
586 601 623 630 et
638 594 836 639 occultius,
851 595 1014 632 dicendo
1029 593 1265 632 extendisset
1282 600 1320 630 et
1338 592 1577 630 illustrasset.

143 656 257 698 Quod
276 669 323 693 an
348 655 385 692 in
405 655 649 692 conversione
677 655 888 693 orationum
909 655 1183 694 Demosthenis
1210 661 1248 691 et
1269 653 1455 691 AEschinis
1481 653 1578 690 inter

143 730 185 754 se
214 716 484 754 contrariarum
512 715 580 753 sibi
607 716 856 767 permissurus
878 716 1006 762 fuerit,
1035 716 1211 767 equidem
1239 715 1382 753 nescio.
1440 714 1518 752 Sed
1547 714 1578 751 si

143 791 208 815 eas
241 777 430 815 orationes
456 778 641 814 convertit
666 779 755 827 (qua
783 778 831 815 de
859 791 900 816 re
932 778 1116 830 quosdam
1145 783 1277 815 acutos
1305 776 1476 813 homines
1501 788 1577 812 non

143 839 295 877 omnino
313 839 392 876 sine
411 851 525 876 causa
540 838 713 876 dubitare
730 838 868 887 video),
885 851 970 876 eam
983 838 1164 876 rationem
1177 837 1278 875 haud
1293 837 1406 874 dubie
1421 843 1577 874 secutus

142 908 211 945 est,
236 914 346 951 quam
366 913 408 937 se
427 908 598 938 secutum
621 912 703 937 esse
726 900 935 950 profitetur.
994 900 1125 949 Atque
1153 899 1297 936 utinam
1319 905 1490 935 exstaret
1514 896 1578 934 illa

141 961 359 999 conversio:
388 974 484 1010 quae,
505 960 742 1011 quantumvis
763 961 916 1010 elegans
934 959 1062 1004 fuerit,
1083 960 1196 997 talem
1218 959 1334 996 fuisse
1353 966 1481 996 tamen
1499 971 1577 995 non

139 1029 244 1073 putO,
273 1029 315 1059 ut
343 1021 549 1059 orationem
578 1035 646 1072 pro
674 1021 822 1058 Milone
852 1022 981 1071 legere
1011 1034 1087 1058 non
1116 1021 1322 1058 mallemus.
1380 1020 1450 1057 Est
1475 1019 1576 1057 enim

141 1083 339 1121 durissima
359 1082 563 1133 provincia,
585 1083 733 1133 pectori
759 1083 882 1120 alieno
907 1091 1010 1119 tuum
1041 1095 1081 1119 os
1101 1081 1405 1127 accommodare,
1425 1094 1471 1118 ac
1492 1083 1575 1131 ejus

141 1144 347 1182 sententias
374 1143 447 1181 tuis
466 1144 590 1180 verbis
617 1150 656 1181 et
684 1144 769 1180 stilo
797 1143 985 1193 persequi.
1041 1142 1152 1185 Quod
1178 1143 1216 1180 in
1244 1143 1325 1193 ipso
1351 1149 1574 1192 argumento

138 1209 212 1243 τῶν
226 1205 440 1242 ἀντιπάλων
452 1205 576 1252 λόγων
596 1205 824 1255 explicando
841 1204 892 1253 (in
909 1217 982 1254 quo
999 1204 1127 1241 nescio
1142 1217 1218 1254 quo
1235 1204 1348 1241 modo
1362 1204 1477 1241 dictio
1491 1216 1573 1241 esse

136 1267 300 1304 sterilior
319 1266 477 1314 videtur)
498 1265 577 1316 ipse
600 1266 736 1303 Cicero
756 1279 830 1302 non
851 1266 1081 1303 dissimulat:
1108 1279 1130 1303 a
1150 1270 1255 1314 cujus
1274 1266 1421 1302 ratione
1441 1265 1470 1302 si
1489 1277 1575 1302 mea

141 1327 297 1365 multum
318 1326 528 1370 dissidebit,
559 1327 598 1363 id
625 1327 693 1364 erit
719 1340 793 1363 non
811 1325 1008 1371 voluntati,
1029 1326 1096 1363 sed
1125 1326 1371 1364 imbecillitati
1399 1339 1507 1370 meae,
1534 1333 1573 1363 et

137 1388 453 1439 occupationibus
483 1396 520 1425 et
546 1388 774 1425 festinationi
795 1388 1049 1433 tribuendum,
1079 1401 1149 1439 per
1178 1401 1290 1439 quam
1313 1387 1492 1425 facillime
1519 1387 1573 1432 fit,

135 1459 179 1487 ut
196 1451 243 1488 ab
264 1449 403 1488 autoris
423 1449 620 1494 sententia,
642 1449 794 1486 tametsi
814 1463 889 1486 non
910 1450 1077 1494 aberres,
1098 1449 1136 1486 in
1153 1450 1284 1499 graecis
1303 1456 1431 1486 tamen
1450 1449 1575 1492 verbis

136 1510 428 1549 annumerandis
446 1510 594 1547 fidelior
619 1511 681 1556 sis,
710 1523 822 1560 quam
843 1517 1029 1560 oporteat,
1061 1517 1100 1547 et
1128 1510 1346 1561 imprudens
1367 1510 1570 1560 aliquando

133 1572 358 1610 latinitatem
388 1579 677 1622 praetervectus,
707 1571 1005 1609 Demosthenice
1027 1571 1161 1622 magis,
1189 1585 1301 1622 quam
1322 1571 1571 1609 Ciceroniane

135 1634 252 1671 dicas.
309 1633 483 1678 Praestiti‚
504 1633 607 1682 quod
622 1633 726 1684 potui
744 1647 753 1670 :
770 1640 808 1670 et
820 1633 904 1683 plus
919 1632 1144 1683 potuissem,
1163 1633 1193 1670 si
1207 1637 1352 1682 justum
1367 1640 1516 1684 tempus
1532 1641 1571 1671 et

133 1695 298 1745 spatium
318 1693 446 1731 datum
465 1694 609 1731 fuisset.
640 1694 752 1730 Nunc
773 1701 830 1731 est
850 1706 895 1730 ea
911 1694 1164 1730 studiosorum
1176 1694 1368 1731 hominum
1388 1695 1570 1739 conditio,

132 1764 176 1794 ut
194 1756 267 1794 sint
282 1756 410 1806 quovis
427 1755 592 1792 cerdone
611 1755 822 1792 miseriores
842 1763 879 1792 et
896 1755 1143 1803 abJectiores:
1164 1769 1288 1806 neque
1307 1756 1483 1806 profecto
1504 1756 1571 1792 mi-

134 1832 217 1855 rum
238 1824 348 1862 esset,
364 1817 526 1868 aliquem
547 1817 729 1867 pcenitere
749 1824 788 1854 et
802 1817 942 1867 ingenii
963 1824 1000 1854 et
1015 1817 1208 1854 industriae
1229 1831 1318 1862 suae,
1339 1818 1369 1854 si
1393 1817 1446 1855 ita
1465 1831 1568 1855 com·-

133 1878 317 1930 paratum'
337 1885 407 1922 est,
438 1886 479 1915 ut
508 1878 570 1928 qui
590 1878 691 1915 fame
719 1878 841 1928 perire
869 1878 972 1924 nolit,
993 1879 1026 1915 ei
1048 1892 1143 1929 pene
1168 1879 1242 1915 sint
1261 1892 1391 1915 omnes
1410 1878 1571 1928 indigni<

132 1948 232 1978 tates
251 1939 500 1991 perferendae.
559 1940 637 1976 Sed
656 1940 822 1989 querelae
846 1953 922 1977 non
951 1948 1038 1977 sunt
1066 1940 1176 1988 hujus
1203 1939 1298 1977 loci:
1329 1952 1452 1989 neque
1481 1939 1568 1976 mihi

132 2014 234 2038 nunc
254 2000 486 2051 propositum
508 2006 564 2037 est
593 2000 741 2038 scilicet
758 2001 948 2038 fortunam
968 2014 1091 2038 meam
1111 2001 1319 2051 deplorare.
1376 2001 1418 2037 In
1439 2014 1484 2037 eo
1505 2014 1571 2050 po-

132 2062 203 2099 tius
224 2068 280 2099 est
301 2056 586 2106 elaborandum,
608 2069 648 2098 ut
668 2062 888 2099 hoc‘meum
909 2075 1016 2112 opus,
1035 2075 1266 2112 quocunque
1286 2061 1364 2099 sive
1393 2075 1569 2100 successu

133 2123 212 2160 sive
233 2122 430 2172 dispendio
447 2121 674 2168 confectum,
697 2123 933 2160 excellentiae
953 2132 1028 2160 tuae
1053 2137 1128 2160 nou
1149 2123 1394 2173 improbetur.
1451 2124 1567 2165 Quod

133 2192 176 2222 ut
195 2184 275 2221 fore
294 2183 495 2227 confidam,
516 2184 636 2221 multa
664 2184 700 2220 in
731 2197 846 2222 causa
866 2192 964 2229 sunt,
996 2197 1039 2220 ac
1059 2185 1096 2220 in
1118 2183 1244 2234 primis
1274 2185 1492 2234 praestantia
1510 2185 1565 2221 in-

133 2246 234 2296 genii
252 2245 307 2282 tui
327 2252 364 2281 et
385 2244 627 2283 eruditionis:
656 2245 718 2295 qui
740 2259 826 2282 cum
853 2245 902 2282 sis
922 2252 1077 2295 propter
1095 2245 1338 2295 amplissimas
1355 2259 1446 2296 opes
1467 2248 1567 2296 (quae

132 2314 171 2344 et
189 2307 280 2356 ipsae
301 2305 446 2355 insigne
461 2306 536 2343 Dei
553 2306 690 2343 donum
713 2313 812 2351 sunt,
830 2313 868 2343 et
887 2307 987 2343 bono
1003 2319 1047 2343 ac
1064 2307 1224 2357 sapienti
1241 2307 1318 2343 viro
1334 2307 1567 2344 luculentum

131 2367 274 2405 virtutis
294 2367 597 2415 instrumentum)
615 2367 888 2418 suspiciendus,
909 2374 946 2405 et
971 2375 1126 2418 propter
1153 2368 1445 2406 beneficentiam
1467 2376 1505 2406 et
1524 2369 1566 2406 li-

131 2428 367 2466 beralitatem
389 2428 595 2465 colendus:
626 2442 682 2466 eae
709 2436 795 2465 sunt
824 2428 965 2478 ingenii
986 2436 1024 2465 et
1043 2429 1155 2466 animi
1175 2429 1227 2466 tui
1248 2430 1370 2474 dotes,
1392 2436 1432 2466 ut
1453 2430 1566 2483 etiam

130 2491 212 2529 sine
233 2490 392 2527 fortunae
413 2490 615 2539 splendore
634 2490 672 2526 in
702 2490 846 2539 magnis
874 2490 958 2527 viris
978 2504 1080 2528 esses
1111 2491 1377 2528 numerandus.
1433 2492 1563 2532 Quan-

130 2565 244 2603 quam
265 2551 363 2588 enim
391 2564 463 2600 ego
485 2559 522 2588 te
553 2564 680 2588 coram
707 2564 900 2601 nunquam
923 2551 1008 2595 vidi,
1028 2559 1160 2589 natura
1179 2558 1306 2589 tamen
1326 2552 1377 2588 ita
1405 2552 1488 2595 fert,
1511 2558 1561 2595 ut,

131 2612 314 2663 quicquid
334 2611 369 2648 in
390 2611 503 2648 rebus
524 2611 693 2649 humanis
714 2611 876 2657 excellit,
897 2613 1048 2649 auribus
1069 2612 1198 2662 magis,
1220 2625 1331 2662 quam
1352 2612 1480 2657 oculis,
1501 2625 1562 2649 ce-

131 2673 298 2711 lebretur
313 2686 321 2709 :
342 2672 443 2722 quod
458 2672 558 2709 fama
571 2672 762 2709 dimanare
778 2673 890 2710 facile
906 2673 952 2709 ad
969 2673 1116 2717 multos,
1138 2673 1270 2710 eadem
1289 2672 1437 2710 videndi
1453 2673 1564 2723 copia

130 2748 206 2772 non
237 2734 409 2771 omnibus
443 2733 662 2783 contingere
684 2741 822 2783 potest.
881 2735 1104 2772 Celebratur
1125 2747 1146 2771 a
1171 2734 1309 2778 multis,
1330 2734 1449 2784 iisque
1469 2748 1563 2784 prze-

130 2795 318 2833 stantibus
339 2794 437 2840 viris,
459 2795 619 2832 felicitas
639 2795 779 2844 ingenii
800 2795 867 2839 tui,
888 2796 990 2844 quod
1011 2795 1226 2845 ubicunque
1247 2795 1477 2840 intendatur,
1499 2809 1562 2833 va·

130 2858 220 2902 leat,
235 2864 308 2895 tani
326 2856 608 2907 philosophicis,
624 2869 735 2906 quain
751 2856 917 2893 civilibus
933 2856 968 2893 in
990 2857 1126 2894 rebus:
1156 2857 1367 2894 celebratur
1386 2857 1560 2905 eruditio,
