1824 3171
520 196 1149 239 ΦΙΛΙΠΠΙΚΟΣιΑ.
1469 195 1572 244 123

119 312 292 375 σκευήν,
326 312 426 374 ’ὅσην
467 311 545 363 οὐκ
582 309 667 363 οἷδ’
695 309 737 362 εἶ’
760 312 837 362 1τι
873 310 959 362 τῶν
994 310 1210 363 ἁπάντων
1238 311 1350 378 ἔχει·
1392 314 1494 373 τοῦς
1536 311 1576 366 δ’

117 385 408 444 ἀποστόλους
433 384 624 444 πάντας
660 385 757 454 ὑμῖν
797 383 1040 460 ὑστερίζειν
1081 386 1167 436 τῶν
1213 388 1390 461 καιρῶν,
1419 387 1492 439 τόν
1521 387 1578 447 εἷς

118 460 349 522 Μεθώνην,
378 459 452 511 τᾶν
480 458 538 518 εἷς
563 458 817 525 Παγασάς,
846 458 919 511 τον
947 459 1006 519 εἷς
1026 457 1307 520 How-[doctam
1340 459 1408 512 ὅτι
1436 462 1578 514 ἐκεῖνοι

115 536 194 604 μὲν
221 532 413 587 ἅπαντα
448 533 561 605 νόμῳ
601 535 850 597 τέτακται,
878 533 956 586 καὶ
984 532 1202 609 2στροόιὲεν
1232 534 1426 594 ἕκαστος
1463 536 1578 606 ὑμῶν

116 608 165 661 ἐκ
190 609 364 660 πολλοῦ
390 608 459 666 τίς
491 609 681 684 χορηγὸς
720 609 748 663 ἦ
782 607 1131 684 «γυμνασίαρχος
1168 610 1248 672 τῆς
1284 610 1438 674 φυλῆς,
1466 609 1576 662 ποτε

115 679 193 733 καὶ
220 680 349 757 ‘magd
377 683 456 735 τοῦ
480 683 558 734 καὶ
587 683 643 735 τί
669 685 879 735 λαὲόντοι
906 682 958 735 τί
990 681 1054 734 δεῖ
1086 694 1240 747 ποιεῖν,
1276 682 1388 736 οὐδὲν
1426 682 1577 749 οἷνεξὲ-

114 780 286 808 ταστον
321 755 415 809 οὔδ’
441 756 643 833 nibem-ror
679 756 718 810 ἓν
747 757 918 816 τούτοις
943 756 1187 827 ἠμέληται)
1215 758 1254 811 ἓν
1281 757 1323 811 δὲ
1352 769 1444 818 τοῖς
1472 757 1578 835 περὶ

517 863 525 882 ¹
543 875 588 896 τις

113 940 241 969 solemni
271 940 517 969 obambulatione
547 940 649 969 velum
677 939 827 969 Minervae

111 982 266 1024 (πέπλος)
289 993 306 1012 a
331 983 507 1013 lectissimis
530 983 704 1021 virginibus
729 982 829 1023 (ἔργοι-

113 1025 227 1066 στῖναι)
253 1027 526 1056 circumferebatur
540 1037 546 1054 :
572 1027 608 1055 ad
636 1037 704 1065 quae
730 1026 829 1055 omnia

114 1069 183 1107 quis
198 1075 290 1107 neget
306 1080 414 1108 magua
426 1069 622 1098 multitudine
637 1073 667 1098 et
680 1073 827 1108 apparatu

112 1121 192 1150 opus
208 1112 303 1142 fuisse
315 1113 324 1142 ?
349 1113 411 1142 cfr.
424 1113 506 1142 Plat.
518 1112 620 1142 Aloib.
632 1113 678 1142 11.
692 1117 713 1141 t.
731 1113 766 1141 V.
777 1114 828 1142 97.

114 1154 188 1192 Bip.
212 1155 337 1186 Riimc.

149 1196 239 1228 ‘'ocnv
258 1199 305 1228 οὐκ
320 1196 369 1228 οἵδ’
385 1197 409 1226 εἷ’
423 1209 467 1231 τις
482 1199 537 1227 τῶν
559 1196 715 1237 ἁπάντων]
740 1196 828 1226 Wol-

110 1239 167 1275 tius
190 1240 255 1270 haee
278 1241 320 1270 ita
346 1241 503 1270 transtulit
528 1251 567 1270 un
592 1241 673 1270 ullus
696 1240 828 1269 omnium

110 1282 212 1313 habet:
237 1294 293 1314 nos
308 1284 372 1314 ulla
390 1284 549 1320 vertimus,
566 1288 598 1313 ut
614 1285 649 1313 ad
667 1281 828 1318 ἀπόστολος

111 1326 268 1356 reseratur.
293 1327 493 1357 CumVVolfio
504 1326 617 1356 sentire
632 1327 723 1356 video
731 1326 827 1355 Tour-

110 1369 217 1399 rellum
233 1375 324 1409 atque
338 1370 507 1405 Olivetum,
520 1372 612 1409 juxta
627 1380 704 1409 quos
718 1380 826 1399 sensus

110 1411 170 1441 loci
189 1418 247 1447 est,
262 1414 465 1443 Athenienses
490 1414 528 1442 de
552 1413 640 1442 festis
669 1412 732 1441 suis
749 1423 826 1451 pra:-

111 1456 255 1493 parandis
269 1456 368 1495 magis
384 1456 535 1486 sollicitos
558 1456 667 1490 fuisse,
685 1456 775 1494 inque
791 1467 825 1485 ea

111 1499 242 1536 majores
276 1504 418 1538 sumptus
454 1499 566 1528 fecisse
596 1509 684 1538 quam
720 1499 826 1528 caeteri

112 1541 213 1570 Graeei
229 1552 235 1570 ε
260 1543 342 1580 quod
359 1542 462 1581 utique
480 1542 673 1571 verissimum
690 1547 749 1576 est,
771 1542 825 1571 sed

112 1584 211 1613 minus
224 1595 312 1624 quam
329 1586 411 1624 quod
428 1589 515 1614 autea
532 1585 647 1615 dictum
659 1585 727 1619 suit,
739 1584 824 1613 ideo-

111 1637 170 1665 que
197 1627 226 1656 id
251 1628 331 1657 velle
356 1629 594 1658 Demosthenem
620 1628 673 1657 vix
698 1633 801 1666 putem
816 1639 824 1667 ;

110 1674 260 1709 praeterea
275 1672 321 1700 hae
337 1681 431 1700 voces
447 1671 486 1700 de
501 1671 620 1701 caeteris
637 1671 754 1700 Graecis
770 1681 824 1710 pa-

110 1722 176 1742 rum
203 1715 363 1743 commode
389 1713 523 1753 intelligi
549 1724 641 1753 posse
670 1714 824 1751 videntur,

110 1755 169 1784 nisi
187 1757 324 1786 additum
347 1756 456 1786 fuisset
479 1767 538 1786 vox
562 1756 707 1787 Ἐλλήνων.
755 1757 824 1787 Nic.

108 1799 224 1828 Carrus
246 1800 324 1830 huno
346 1800 446 1830 locum
469 1799 512 1829 ita
538 1801 648 1830 vertit:
681 1806 825 1839 quantum

110 1841 191 1872 haud
206 1843 263 1872 scio
277 1854 317 1872 an
332 1843 397 1872 ullu
413 1853 545 1882 unquam
557 1843 654 1873 classis
666 1849 758 1873 restra
773 1843 825 1872 Ιια-

109 1885 226 1914 buerit:
250 1886 304 1915 sed
317 1886 395 1915 illud
409 1892 503 1916 vestra
520 1887 645 1921 rectius,
658 1894 690 1916 ut
706 1886 825 1924 opinor,

109 1928 277 1958 omittatur.
322 1929 489 1964 Caeterum,
507 1934 539 1959 ut
562 1929 696 1958 sciamus
712 1934 824 1968 quanto

109 1976 233 2011 sumptu
249 1972 314 2000 hoec
331 1973 413 2009 apud
430 1972 634 2001 Athenienses
652 1973 728 2001 festa
745 1973 826 2001 cele-

109 2014 283 2050 brabantur,
293 2019 467 2054 quantoque
481 2015 525 2043 illi
540 2014 640 2043 studio
650 2013 824 2044 istiusmodi

109 2057 298 2086 caerimonias
335 2058 541 2091 sectabantur,
570 2057 749 2086 Tourrellus
786 2058 824 2086 ad

109 2099 264 2129 Platonem
292 2110 348 2129 nos
375 2099 503 2129 remittit
529 2099 559 2128 in
592 2100 694 2129 Alcib.
718 2099 752 2128 ii.
779 2098 825 2139 [p.

110 2143 200 2183 148]
226 2147 257 2172 et
272 2142 386 2172 Athen.
402 2144 422 2172 l.
438 2143 504 2172 xiv.
528 2142 674 2174 Momm.

150 2185 184 2215 Εἴ
202 2197 232 2215 τι
254 2188 308 2215 τῶν
332 2186 386 2216 ἱιπ,
411 2185 488 2226 ἔχει]
512 2185 604 2224 ang.
621 2185 645 2214 εἶ’
665 2196 720 2220 τις,
743 2186 824 2224 quod

107 2229 158 2258 alii
177 2230 313 2258 referunt
339 2229 377 2258 ad
403 2230 543 2263 Graecos,
572 2228 623 2258 alii
651 2228 765 2258 rectius
787 2230 824 2258 ad

106 2272 248 2308 classem,
261 2273 315 2302 sed
333 2282 424 2311 quum
439 2271 572 2301 dixisset
587 2270 697 2301 ἕνατῶν
711 2272 820 2301 ἀποστ.

105 2315 230 2354 languet
245 2315 270 2344 εἴ
289 2327 334 2349 τις
355 2316 478 2351 ἀποστ,
502 2314 573 2344 hinc
600 2325 659 2344 non
683 2315 822 2344 dubitavi

106 2358 177 2388 lect.
195 2357 220 2387 εἴ
233 2370 263 2387 τι
285 2358 436 2397 recipere,
453 2368 582 2388 sensus:
606 2359 629 2387 si
645 2358 715 2398 quid
730 2359 821 2387 omui-

105 2411 143 2430 no
157 2412 165 2438 ‚-
189 2411 256 2430 narn
273 2401 360 2430 artic.
376 2403 430 2430 τῶν
444 2400 561 2430 indicat
577 2401 651 2430 nihil
670 2401 821 2439 reliquum

103 2453 186 2480 esse,
204 2449 237 2474 ut
252 2446 292 2474 τὸ,
307 2446 416 2479 πολλὰ,
431 2443 458 2482 §.
473 2445 513 2474 ιά.
530 2444 548 2473 ἕ.
559 2455 639 2478 ποις.
679 2445 821 2474 Eustath.

103 2486 166 2516 ita:
191 2486 275 2526 ἄλφα
297 2485 427 2525 σημαίνει
453 2486 589 2527 ἄθροισιν.
615 2486 628 2516 ἔ
635 2497 727 2529 χειν.
758 2486 821 2517 vid.

104 2530 142 2559 ad
160 2529 230 2559 Lib.
247 2530 309 2559 vit.
326 2531 415 2559 Dem.
429 2529 454 2568 ᾧ.
466 2530 495 2559 ά..
508 2530 587 2560 adde
598 2531 695 2560 Thuc.
708 2530 754 2560 II.
767 2532 819 2560 61.

102 2571 136 2601 τὸ
151 2574 255 2603 λυποῦν
269 2572 329 2614 ἔχει
341 2575 390 2604 τὴν
404 2570 542 2603 αἴσθησιν.
566 2571 691 2603 Riinxo.

146 2615 198 2646 Τὸν
213 2615 250 2650 εἰς
270 2615 410 2650 Μεθώνην,
427 2614 476 2646 τᾶν
496 2616 534 2651 εἷς
551 2617 705 2653 Παγασὰς,
721 2613 768 2644 τόν
782 2615 821 2650 εἷς

103 2658 266 2700 Ποτίδαιαν]
294 2661 340 2689 De
365 2660 513 2689 Methona
539 2669 573 2688 ac
592 2659 732 2688 Potidaea
748 2659 819 2688 vide

104 2711 197 2740 supra
212 2702 237 2742 §.
253 2701 290 2741 γ’.
337 2702 466 2742 Pagasae
480 2703 634 2732 maritima
648 2701 819 2731 Thessaliae

104 2745 177 2774 urbs
193 2745 260 2780 fuit,
275 2745 382 2775 navale
397 2750 497 2776 autern
515 2747 723 2776 Pheraeorum.
768 2745 819 2774 Ibi

104 2786 187 2825 Argo
198 2787 283 2818 navis
293 2793 451 2820 exstructa
463 2789 573 2826 fertur,
583 2789 663 2818 unde
674 2793 705 2817 et
718 2787 818 2828 Paga-

103 2838 156 2858 saeu
174 2830 355 2869 appellatur.
388 2833 436 2862 Ab
453 2843 488 2862 ea
503 2833 567 2862 illic
582 2836 742 2870 compacta
758 2832 818 2861 Pa-

105 2881 193 2910 gasas
209 2883 316 2904 nomen
332 2874 446 2904 habere
461 2872 633 2905 fabulantur
647 2886 655 2904 :
679 2875 730 2904 alii
745 2884 818 2913 pro-

104 2914 237 2945 babilius
252 2926 361 2946 nomen
374 2917 444 2949 loco
459 2917 525 2948 lew&
547 2919 666 2956 wayczv,
692 2919 769 2947 Dor.
785 2917 815 2947 id

103 2961 162 2993 est,
168 2956 320 2998 fontibus,
329 2959 442 2990 factum
453 2961 599 2997 sentiunt,
611 2961 663 3000 qui
676 2961 818 3000 frequen-

103 3005 150 3030 tes
166 3000 210 3031 ibi
225 3001 362 3041 largique
378 3003 484 3034 fluunt.
523 3004 604 3034 Vide
619 3005 719 3035 Strab.
733 3005 755 3036 l.
770 3004 815 3034 ix.

1020 864 1034 882 ²
1049 865 1176 905 ωροεῖδον

863 950 895 978 p.
926 940 1001 969 436.
1050 940 1109 970 Ed.
1139 940 1271 970 Casaub.
1311 941 1457 974 Momm.

864 983 994 1022 Olynth.
1011 983 1038 1012 I.
1055 982 1157 1024 (ΙΙΙ).
1175 983 1200 1022 §.
1214 983 1256 1014 θ’.

904 1025 1040 1067 Προεῖδεν]
1073 1027 1179 1056 Malim
1209 1026 1336 1066 πςόοιδεν,
1362 1028 1487 1066 ρτπεείί,
1510 1034 1578 1058 ante

862 1069 954 1104 norit,
971 1069 1051 1098 sicut
1072 1069 1192 1104 σύνοιδα,
1218 1069 1319 1108 ἔξοιδα,
1343 1071 1498 1109 praeterito
1515 1082 1577 1101 me-

862 1112 925 1146 dio,
940 1111 1071 1151 πξοεῖδον,
1093 1114 1218 1151 providi,
1238 1115 1379 1152 prospexi,
1395 1114 1476 1143 unde
1493 1119 1578 1154 «προϊ-

862 1154 925 1189 δεῖν,
943 1155 997 1184 sed
1014 1166 1031 1184 a
1047 1155 1155 1196 πρόοιδα
1171 1155 1361 1196 πςοειδέναι,οι
1374 1156 1403 1186 in
1416 1168 1438 1187 ει
1450 1162 1577 1188 mutato.

861 1197 986 1227 Wom.

904 1238 952 1269 Ἐκ
968 1241 1091 1282 πολλοῦ]
1115 1239 1169 1281 Hp&
1192 1243 1299 1271 πολλοῦ
1323 1241 1429 1284 χρόνου,
1453 1241 1504 1282 vg&
1529 1244 1580 1278 τῆς

861 1283 962 1323 ἒοςτῆς.
986 1284 1094 1313 IDEM.

902 1325 1034 1367 Χοςηγός]
1043 1326 1169 1362 AEdilis,
1177 1327 1228 1366 qui
1236 1328 1481 1358 Bacchanalibus
1492 1330 1578 1369 gregi

861 1370 1037 1399 saltatorum
1055 1376 1194 1410 sumptus
1208 1371 1397 1410 suppeditat.
1414 1373 1476 1401 Sed
1487 1373 1579 1413 hujus

861 1423 970 1441 munus
1000 1424 1016 1442 e
1046 1414 1184 1443 Midiana
1216 1415 1331 1444 rectius
1361 1421 1577 1453 cognoscetur.

860 1455 1077 1496 γυμνασίαξχος
1092 1456 1203 1495 estqui
1221 1457 1320 1486 oleum
1338 1458 1369 1487 in
1385 1458 1528 1497 palaestra
1543 1470 1576 1489 se

860 1500 1076 1528 exercentibus
1093 1501 1219 1538 praebet.
1242 1500 1355 1530 Tribus
1367 1505 1467 1531 autem
1479 1502 1576 1531 fuisse

860 1541 966 1571 decem
983 1542 1113 1571 Athenis
1134 1542 1187 1572 illo
1204 1548 1354 1582 tempore,
1370 1544 1462 1574 docet
1478 1545 1576 1575 oratio

860 1584 1005 1614 funebris.
1030 1586 1137 1615 IDEM.

901 1626 1018 1668 Χοξηγός
1040 1627 1054 1659 ἢ
1079 1626 1309 1670 Γυμνασ-ίαςχος]
1338 1629 1472 1668 Choragi
1498 1630 1576 1660 Dio-

860 1671 956 1709 nysiis
974 1676 1006 1700 et
1021 1672 1232 1701 Panathenaeis
1249 1673 1359 1702 choros
1382 1672 1527 1702 curabant
1543 1679 1576 1704 et

859 1714 1025 1744 ducebant:
1049 1715 1165 1745 victum
1191 1715 1282 1744 etiam
1306 1716 1356 1751 iis,
1379 1726 1436 1746 nec
1459 1716 1575 1746 victum

860 1758 971 1791 solum,
987 1758 1041 1787 sed
1066 1765 1097 1788 et
1119 1768 1248 1788 coronas
1273 1769 1392 1795 θυι-635,
1409 1763 1575 1798 vestesque

859 1800 945 1829 chori
971 1801 1082 1839 ipsius,
1110 1807 1298 1837 ornamenta,
1327 1807 1418 1840 atque
1444 1802 1575 1842 insignia

860 1844 1108 1883 suppeditabant.
1153 1845 1251 1883 Inque
1267 1856 1303 1875 ea
1326 1855 1358 1874 re
1376 1850 1492 1875 tantum
1509 1851 1574 1875 stu·

859 1887 914 1921 dii,
942 1892 1120 1928 tantumque
1148 1887 1308 1917 industriae
1334 1893 1517 1927 posuerunt,
1543 1894 1576 1918 ut

859 1929 1035 1968 magistros,
1051 1936 1083 1959 et
1097 1930 1242 1960 tibicines
1266 1932 1499 1968 praestantiores
1523 1943 1575 1961 co-

858 1982 921 2001 ram
938 1973 1095 2002 Archonte
1117 1974 1218 2003 sortiti
1243 1974 1312 2010 sint,
1329 1975 1497 2013 ludumque
1525 1975 1577 2005 ha-

859 2015 990 2051 buerint,
1005 2015 1036 2044 in
1054 2026 1114 2054 quo
1130 2027 1185 2054 per
1201 2017 1378 2056 magistrum
1395 2028 1483 2056 quem
1496 2029 1577 2058 χορο-

859 2056 1027 2087 matonam
1035 2059 1244 2097 appellabant,
1255 2061 1380 2089 chorum
1393 2060 1493 2099 ipsum
1507 2071 1576 2090 eru-

859 2099 1016 2137 diendum,
1033 2103 1239 2132 exercendum
1262 2103 1407 2132 curarint.
1452 2104 1574 2133 Etenim

858 2141 938 2171 inter
960 2143 1047 2182 ipsos
1069 2144 1188 2174 illustre
1212 2146 1250 2174 de
1273 2146 1363 2175 laude
1385 2146 1576 2185 victoriaque

859 2190 1012 2216 certamen
1027 2187 1250 2222 intercedebat,
1262 2187 1304 2217 ita
1319 2193 1352 2218 ut
1368 2188 1398 2218 in
1415 2189 1576 2229 Dionysiis

859 2229 911 2267 qui
928 2229 1048 2268 hymnis
1065 2231 1210 2260 canendis
1233 2231 1363 2261 alterum
1387 2238 1576 2270 superasset,

858 2271 885 2301 is
901 2272 1055 2311 tripodem
1072 2273 1232 2312 praemiurn
1248 2274 1352 2310 ferret,
1365 2284 1494 2314 eumque
1507 2285 1576 2305 cum

858 2325 967 2354 magna
978 2316 1151 2346 caerimonia
1166 2316 1334 2347 dedicaret.
1379 2318 1575 2356 Gymnasiar-

857 2358 905 2387 chi
923 2358 943 2387 ii
962 2358 1038 2388 dicti
1055 2364 1136 2395 sunt,
1149 2359 1201 2400 qni
1218 2359 1318 2390 oleum
1334 2360 1387 2395 iis,
1404 2361 1456 2400 qui
1473 2372 1506 2391 se
1520 2372 1573 2401 pa-

855 2401 959 2431 laestra
995 2412 1141 2432 exercere
1184 2403 1311 2440 vellent,
1347 2404 1572 2435 ministrarunt.

855 2444 934 2474 Haec
950 2444 1050 2474 officia
1071 2445 1153 2475 inter
1175 2446 1294 2485 primos
1320 2447 1451 2477 honores
1477 2453 1573 2483 erant,

855 2487 907 2526 qui
923 2487 954 2516 in
970 2488 1097 2518 civitate
1115 2494 1305 2528 caperentur.
1330 2489 1437 2529 Sigon.
1454 2490 1507 2520 lib.
1529 2491 1574 2521 iv.

855 2532 884 2559 4.
911 2531 1054 2562 ΜουΝτ.
1101 2531 1171 2562 Vid,
1190 2532 1262 2562 Vol.
1276 2532 1311 2563 ii.
1336 2543 1369 2572 p.
1390 2535 1465 2564 371.
1487 2544 1574 2574 seqq.

854 2573 978 2613 Proleg.
996 2574 1034 2603 F.
1052 2575 1088 2603 A.
1105 2575 1226 2605 Wolfii.

897 2615 946 2650 Τι’ς·
960 2616 1093 2658 χορηγὸς]
1119 2618 1193 2647 Sub.
1204 2617 1300 2648 ἔσται.
1325 2619 1465 2650 Aucm’..

896 2662 978 2699 Παξὰ
995 2660 1059 2700 τοῦ]
1082 2661 1163 2700 napi.
1185 2672 1235 2690 του
1259 2672 1313 2702 pro
1338 2663 1416 2701 παρά
1439 2673 1510 2696 τινος
1524 2671 1572 2690 re-

854 2701 947 2731 ctius.
972 2703 1091 2734 Wom.

897 2743 1043 2786 AoeCo'vm]
1069 2746 1180 2787 Siquis
1194 2752 1247 2784 est,
1263 2748 1314 2787 qui
1329 2748 1481 2786 acceperit.
1506 2745 1571 2776 Rii-

854 2798 929 2819 mc.

895 2829 938 2861 Ἐν
960 2830 988 2861 δὲ
1011 2833 1073 2866 τοῖς
1094 2831 1155 2873 περὶ
1182 2833 1233 2862 τοῦ
1258 2831 1402 2872 πολέμου]
1428 2829 1471 2860 Ἐν
1487 2829 1514 2860 δὲ
1530 2831 1573 2869 τᾷῗ

852 2873 984 2914 πολέμου,
1011 2874 1060 2904 καὶ
1088 2875 1128 2916 τῇ
1151 2875 1252 2906 τούτου
1279 2874 1453 2914 παρασκευῇ,
1481 2883 1570 2912 quam

851 2918 1056 2956 posteriorem
1072 2919 1244 2949 clausulam
1261 2919 1438 2955 Obsopoeus
1461 2915 1491 2944 in
1514 2926 1571 2946 suo

851 2960 961 2990 codice
977 2966 1104 2992 exstare
1115 2962 1242 2991 scribit:
1261 2961 1341 2990 sicut
1356 2958 1389 2988 τὸ
1401 2960 1451 2993 τῆς
1461 2957 1570 2994 αἰτίας,

851 3004 865 3034 ἡ
879 3003 971 3040 αἰτία,
986 3005 1176 3035 Graecismus
1192 3004 1326 3042 elegans.
1349 3001 1475 3033 WOLF.

1513 943 1576 972 ΟΒ.
