1824 3171
444 170 521 207 AD
553 167 712 206 SUUM
744 165 1039 204 DEMOSTH.
1071 165 1358 202 PRAEFATT.
1569 162 1620 201 lxi

178 272 339 310 honesta
358 271 522 315 deesset,
555 276 593 308 et
621 269 788 321 publice,
819 276 861 306 ut
889 282 1011 319 spero,
1032 267 1132 305 utilis
1153 266 1341 316 augendae
1362 266 1619 316 ornandaequc

178 333 331 370 illustris
359 331 612 369 Bibliothecae
638 338 774 369 vestrae
804 338 843 368 et
862 330 1005 368 scholae
1026 329 1085 377 (in
1106 341 1219 378 quam
1239 340 1313 363 non
1334 326 1493 375 exiguos
1520 341 1620 363 sum-

179 402 240 432 tus
255 392 395 442 facitis)
416 406 486 444 pro
506 393 600 430 virili
621 405 705 429 mea
725 392 878 429 tuendae
911 398 950 428 et
983 389 1216 438 adJutandae,
1238 387 1465 437 occupatio:
1494 400 1621 437 neque

179 455 328 492 calamo
343 461 381 491 et
401 454 547 505 scriptis
581 453 796 503 complures
827 465 893 503 per
921 452 1115 501 Europam
1143 449 1332 487 studiosos
1363 448 1624 485 adolescentes

180 514 374 552 erudiendi
395 515 559 553 occasio.
614 514 744 551 Multa
762 521 850 551 sunt
870 513 1027 563 egregia
1045 519 1181 549 vestrae
1202 510 1361 548 civitatis
1382 516 1625 546 ornamenta:

181 576 416 626 Respublica
445 575 659 626 aequissime
687 582 727 613 et
755 574 1046 625 prudentissime
1077 575 1304 611 constituta:
1335 571 1487 621 publica
1506 570 1628 620 priva-

181 643 298 687 taque
327 637 619 687 magnificentia,
649 636 899 687 hospitalitas,
935 635 1144 679 urbanitas,
1173 633 1430 671 beneficentia
1458 632 1495 668 in
1525 631 1627 668 cives

182 698 397 736 tenuiores:
428 699 476 736 de
504 699 678 736 omnibus
704 700 804 736 bene
835 697 1005 735 merendi
1036 696 1215 739 studium,
1242 694 1406 732 laedendi
1426 693 1628 738 neminem,

182 760 252 797 nisi
270 760 325 797 vis
343 760 599 812 propulsanda
624 760 695 798 sit:
725 768 861 798 contra
888 772 1002 810 quam
1022 765 1062 796 et
1093 758 1294 802 moenibus,
1325 765 1364 794 et
1397 756 1559 800 auxiliis,
1591 761 1630 792 et

183 828 414 866 commeatu,
435 828 473 858 et
494 821 595 859 omni
615 834 802 859 armorum
822 833 979 871 genere,
1004 819 1057 856 ita
1084 818 1203 869 parati
1231 826 1269 856 et
1294 817 1426 854 muniti
1455 817 1558 861 estis,
1587 822 1631 853 ut

183 895 308 933 neque
331 882 527 920 lacessatis
547 895 778 933 quenquam,
797 889 836 920 et
856 881 949 918 nihil
978 880 1111 931 magis,
1132 893 1244 930 quam
1265 892 1411 930 pacem,
1433 876 1632 915 concordi-

184 955 257 987 am,
277 943 604 993 tranquillitatem,
639 945 826 981 bonorum
856 942 1025 980 omnium
1053 941 1255 979 amicitiam
1274 940 1368 978 votis
1389 953 1434 978 ac
1454 940 1633 990 precibus

185 1018 208 1042 a
227 1005 316 1042 Deo
337 1005 430 1055 Opt.
451 1005 560 1043 Max.
589 1005 792 1056 expetatis.
848 1006 945 1046 Quae
965 1003 1117 1041 tametsi
1138 1003 1347 1048 excellunt,
1370 1009 1409 1039 et
1428 1000 1549 1052 magis
1578 1001 1635 1037 in-

186 1073 345 1104 currunt
360 1066 396 1102 in
413 1067 579 1116 cujusvis
599 1067 748 1116 generis
776 1066 971 1103 hominum
993 1066 1125 1103 oculos
1155 1073 1193 1102 et
1213 1078 1370 1102 sensus:
1401 1071 1528 1101 tamen
1549 1077 1633 1100 eru·

187 1127 254 1164 diti
274 1127 353 1172 viri,
375 1134 414 1164 et
443 1128 568 1165 omnia
587 1141 678 1165 vero
703 1127 850 1178 judicio
879 1127 1151 1177 ponderantes,
1180 1126 1272 1162 illud
1299 1138 1376 1162 non
1407 1125 1444 1160 in
1473 1124 1634 1161 minimis

185 1187 319 1225 vestris
339 1187 517 1225 laudibus
532 1194 691 1238 ponunt,
708 1188 824 1238 quod,
845 1194 887 1224 ut
907 1187 995 1224 olim
1012 1186 1188 1231 Athenae,
1209 1184 1459 1230 Alexandria,
1479 1185 1633 1229 Tarsus,

188 1248 366 1300 Berytus,
387 1256 426 1286 et
451 1256 580 1286 nostra
610 1256 737 1294 aetate,
760 1249 946 1294 Bononia,
966 1248 1137 1292 Lutetia,
1161 1247 1391 1297 Argentina,
1421 1246 1637 1296 complures

187 1309 273 1347 aliae
298 1310 463 1348 illustres
492 1311 676 1357 civitates,
699 1310 820 1347 Musis
847 1310 960 1347 etiam
981 1316 1020 1347 et
1040 1308 1195 1353 Gratiis,
1216 1308 1288 1345 hoc
1308 1314 1379 1352 est,
1399 1307 1578 1344 studiosis
1599 1314 1639 1345 et

188 1371 311 1410 doctis
327 1372 541 1410 hominibus
560 1372 599 1409 in
614 1379 753 1417 vestra,
769 1385 859 1409 vere
879 1378 1043 1421 augusta
1062 1371 1170 1415 urbe,
1187 1383 1263 1407 non
1282 1368 1488 1419 hospitiUm
1509 1369 1637 1414 modo,

189 1434 259 1471 sed
278 1433 510 1472 domicilium
530 1433 645 1471 etiam
665 1447 749 1471 esse
769 1433 957 1471 voluistis.
1017 1432 1098 1470 Etsi
1125 1439 1252 1469 autem
1282 1444 1359 1468 non
1389 1430 1534 1480 ignore,
1553 1443 1640 1467 con-

190 1494 297 1545 queri
325 1495 474 1540 multos,
495 1508 620 1545 neque
641 1495 812 1532 fortassis
833 1496 979 1544 absque
1000 1507 1128 1539 causa,
1148 1501 1228 1530 tum
1247 1493 1295 1530 de
1316 1492 1481 1529 moribus
1502 1492 1639 1530 docto-

191 1569 273 1593 rum
286 1557 522 1606 quorundam
538 1557 658 1594 minus
675 1556 840 1607 probatis
856 1570 864 1594 :
882 1563 977 1601 tum,
990 1554 1279 1593 scribendorum
1295 1554 1477 1590 librorum
1492 1552 1640 1590 nullum

180 1630 273 1658 ,esse
293 1617 419 1663 finem,
441 1631 601 1668 quorum
621 1617 790 1669 plerique
811 1618 899 1654 nihil
921 1617 990 1654 nisi
1018 1624 1083 1654 aut
1110 1616 1265 1666 ingenia
1293 1622 1496 1665 occupent,
1526 1615 1640 1651 rebus

191 1680 409 1718 melioribus
428 1688 622 1727 vacatura,
653 1687 719 1718 aut
740 1679 1032 1730 Rempublicam
1054 1678 1320 1724 Christianam,
1348 1676 1486 1726 alioqui
1514 1689 1641 1714 rerum

191 1755 342 1780 suarum
374 1748 627 1792 satagentem,
661 1742 780 1793 magis
809 1742 923 1779 etiam
955 1741 1206 1792 perturbent:
1235 1739 1327 1776 mihi
1355 1746 1483 1776 tamen
1504 1738 1552 1776 de
1579 1751 1640 1776 me

191 1804 319 1842 dicere
335 1816 461 1854 neque
481 1817 641 1842 necesse
661 1810 730 1849 est,
751 1816 879 1855 neque
894 1803 1090 1847 decorum,
1107 1801 1330 1852 vigesimum
1343 1804 1423 1849 jam
1443 1813 1584 1838 annum
1604 1800 1642 1837 iu

185 1864 262 1903 >hac
282 1865 390 1911 urbe,
409 1864 491 1902 sine
512 1866 752 1916 cujusquam,
775 1872 817 1902 ut
837 1865 984 1916 opinor,
998 1864 1088 1902 boni
1104 1864 1171 1901 viri
1192 1864 1271 1901 ulla
1289 1862 1444 1914 querela
1464 1861 1640 1912 degenti:

189 1933 229 1963 et
247 1938 418 1964 mearum
438 1926 689 1977 scriptionum
705 1926 889 1964 hactenus
905 1925 1021 1976 longe
1042 1925 1152 1962 aliam
1171 1924 1288 1962 fuisse
1308 1924 1505 1970 rationem,
1522 1923 1644 1961 omni-

186 1988 258 2024 bus
273 1987 397 2025 doctis
420 1987 661 2038 candideque
675 1987 950 2035 judicantibus,
972 1994 1215 2037 perspectum
1236 1993 1274 2023 et
1295 1986 1537 2036 exploratum
1556 1997 1641 2022 esse

191 2047 356 2085 confido.
402 2048 541 2098 Neque
563 2048 664 2085 enim
685 2061 770 2085 mea.
784 2048 929 2085 somnia
948 2048 1087 2085 chartis
1104 2047 1227 2084 illevi:
1250 2060 1375 2097 neque
1395 2046 1560 2082 rixarum
1577 2052 1642 2082 aut

191 2109 386 2146 turbarum
420 2109 625 2159 quicquam
658 2109 746 2146 dedi
768 2122 777 2146 z
818 2122 944 2159 neque
976 2108 1184 2146 insanabile
1222 2107 1413 2145 scribendi
1435 2107 1641 2144 cacoethes

191 2170 311 2221 (quod
330 2177 462 2207 tenere
482 2170 633 2214 multos,
655 2169 693 2206 in
713 2183 923 2220 eorumque
944 2182 1048 2219 aegro
1070 2169 1187 2207 corde
1209 2181 1423 2214 senescere,
1446 2168 1643 2219 Satyricus

190 2231 374 2282 queritur)
394 2231 540 2282 impetu
556 2231 725 2281 quodam
743 2231 857 2269 animi
877 2231 1082 2268 temerario
1103 2238 1219 2281 atque
1241 2243 1343 2268 caeco
1361 2237 1516 2267 secutus
1537 2243 1641 2267 sum:

191 2292 259 2331 sed
286 2292 325 2329 in
358 2292 626 2330 convertendis
660 2299 698 2330 et
728 2292 967 2330 declarandis
998 2292 1158 2329 vetustis
1190 2291 1396 2337 autoribus,
1425 2290 1642 2328 seculorum

193 2354 362 2392 omnium
382 2362 421 2392 et
441 2355 636 2392 nationum
651 2367 840 2392 consensu
861 2354 1094 2405 approbatis,
1108 2353 1257 2398 sedulo,
1276 2366 1350 2391 nec
1366 2353 1447 2390 sine
1464 2366 1644 2390 successu

193 2416 390 2461 mediocri,
417 2420 558 2467 (quem,
580 2416 636 2453 uti
666 2429 735 2467 par
764 2423 836 2461 est,
863 2415 999 2453 divinae
1026 2415 1255 2465 benignitati
1281 2421 1483 2465 acceptum
1503 2415 1645 2461 refero)

196 2477 400 2515 elaboravi.
458 2478 502 2515 Id
521 2478 626 2528 quod
654 2477 767 2515 toties
785 2477 962 2528 repetitae
981 2477 1019 2514 in
1040 2477 1261 2522 Germania,
1295 2477 1435 2521 Gallia,
1460 2477 1571 2513 Italia
1590 2477 1645 2513 lu-

195 2540 463 2577 cubrationum
482 2552 653 2577 mearum
669 2539 855 2577 editiones
871 2538 1002 2576 testari
1020 2545 1212 2589 poterunt.
1270 2538 1414 2575 Modus
1434 2538 1601 2575 fortassis
1621 2551 1645 2575 a

196 2613 257 2638 me
278 2600 481 2638 desiderari
504 2607 633 2651 queat,
661 2608 700 2638 et
720 2600 908 2650 ignoratio
930 2599 1089 2637 tollendi
1108 2613 1260 2637 manum
1282 2600 1330 2637 de
1356 2599 1501 2648 tabula,
1523 2606 1562 2637 et
1581 2612 1645 2636 su-

197 2675 436 2712 pervacanea
464 2662 539 2699 mei
564 2662 680 2712 ipsius
700 2662 893 2699 nocturnis
912 2661 1132 2712 diurnisque
1160 2661 1352 2699 laboribus
1372 2661 1567 2698 afflictatio
1584 2673 1644 2698 re-

199 2724 397 2774 prehendi,
415 2736 502 2761 cum
519 2730 557 2760 et
576 2735 668 2762 aetas
685 2731 725 2761 et
744 2723 923 2761 valetudo
943 2736 1029 2760 mea
1049 2723 1217 2773 quietem
1240 2722 1366 2772 potius
1392 2729 1506 2772 atque
1527 2722 1646 2759 otium

198 2786 451 2834 postularent·
506 2785 663 2823 Utinam
683 2798 774 2823 vero
795 2798 869 2822 non
888 2784 1044 2835 quidem
1065 2797 1111 2822 ea
1131 2797 1252 2821 essem
1273 2783 1399 2821 ferrea
1419 2789 1456 2820 et
1476 2782 1645 2832 corporis

199 2852 239 2882 et
268 2846 380 2883 animi
410 2846 603 2897 patientia,
624 2860 710 2897 quae
732 2846 869 2884 Catoni
892 2845 1077 2884 Censorio
1093 2845 1285 2890 tribuitur,
1308 2844 1559 2894 rarissimique
1581 2857 1649 2880 ex-

201 2907 315 2957 empli
331 2915 411 2944 est:
440 2907 507 2946 scd
526 2908 590 2945 illa
603 2915 753 2947 tantum
772 2908 829 2946 vel
850 2908 965 2946 animi
981 2907 1197 2947 constantia
1216 2914 1255 2945 et
1275 2906 1488 2949 tolerantia,
1511 2905 1568 2941 vel
1591 2904 1643 2942 vi-
