1824 3171
236 187 310 240 74

628 195 1275 242 ΔΗΜΟΣΘΕΝΟΥΣ

235 303 422 366 Νικίαν,
452 304 524 358 τὸν
559 306 777 377 ὅμιιῖνυμον
808 307 1006 378 ἔμοιυτῷ,
1044 310 1116 362 τὸν
1153 309 1390 378 Περικλέα.
1421 310 1470 376 ἐξ
1499 312 1546 364 οὗ
1579 308 1626 364 δ”
1649 315 1688 365 οἱ

235 373 510 444 διερωτῶντες
535 380 655 448 ὖμοῖς
681 382 794 433 οὗτοι
823 384 1042 445 πεφήνασι
1069 383 1253 459 ῥήτορες,
1284 383 1335 436 τι]
1356 384 1609 446 βούλεσθε;
1638 384 1692 438 τί

559 454 570 469 C

233 448 423 518 ‘ypoidsam
463 454 517 504 τί
547 464 649 523 υμῖν

462 575 472 595 1
495 574 655 615 χαξίσομοιι

235 676 345 702 menta.
391 673 535 703 Aristidis
558 674 654 704 virtus
674 676 754 714 apud
781 687 885 707 omnes
901 687 946 707 re-

233 720 374 745 verenter
398 716 499 745 habita
522 717 553 745 id
576 717 767 755 potissimum
783 719 895 755 effecit,
911 726 945 750 ut

232 758 346 793 Gracci,
361 763 521 796 postquam
547 760 653 790 Persas
675 761 833 797 vicissent,
850 764 944 792 Athe·

231 809 335 828 narum
365 800 466 839 potius
489 811 577 840 quam
604 803 721 841 Spartae
746 805 945 835 dominationi

233 852 266 870 se
292 843 525 873 summitterent.
571 845 674 880 Plato,
705 853 864 878 accuratus
890 848 943 878 ille

231 884 385 914 hominum
403 886 581 923 aestimator,
601 888 630 917 in
649 889 743 928 Gorg.
767 889 852 930 [pag.
869 891 943 921 526.

232 926 291 956 Ed.
304 929 438 969 Serrani]
454 939 521 958 eum
538 931 670 960 omnium
688 932 865 962 Graecorum
875 943 943 972 per-

231 969 428 1000 fectissimum
437 975 528 1010 atque
540 972 768 1012 integerrimum
788 976 883 1006 fuisse
898 981 943 1006 te-

231 1016 338 1042 statur.
365 1013 507 1044 Tourrelt.
533 1016 671 1047 MooNr.

272 1054 324 1084 Τὸν
349 1054 456 1098 Νικίαν]
488 1057 577 1087 Alius
607 1060 672 1089 dux
700 1059 941 1096 Atheniensium,

230 1096 411 1134 ditissimus,
422 1100 555 1138 itemque
569 1103 701 1131 maxime
715 1103 874 1133 munificus
891 1114 940 1133 oc-

230 1141 336 1170 cubuit
360 1142 440 1171 bello
457 1143 573 1178 Siculo,
590 1145 671 1183 quod
693 1154 730 1173 ne
751 1146 942 1184 susciperent

231 1183 367 1214 omnibus
380 1184 478 1215 modis
487 1185 573 1216 cives
586 1197 657 1217 suos
665 1188 819 1218 dehortari
828 1188 939 1218 voluit:

232 1234 339 1255 verum
367 1228 446 1267 apud
464 1238 516 1257 cos
537 1229 706 1261 Alcibiadis
725 1231 823 1268 ipsius
839 1231 941 1261 aemuli

231 1269 394 1298 auctoritas
417 1270 587 1308 praevaluit.
614 1272 760 1304 Tonrrell.
784 1275 887 1304 IDEM.

271 1309 310 1339 Τό
324 1309 468 1351 ὁμώνυμον
482 1311 616 1355 ἐμαυτῷ]
641 1314 824 1354 Δημοσθένην
843 1315 889 1345 τὸν
903 1315 940 1349 εἷς

229 1351 354 1383 Σικελίαν
377 1356 631 1393 στρατηγήσαντα,
653 1357 730 1397 κᾴκεὶ
751 1358 941 1394 ἀποθανόντα,

229 1395 297 1429 ἅμα
311 1396 353 1435 τῷ
369 1395 457 1435 Νικίᾳ·
473 1395 641 1436 Ἀριστείδην
660 1400 686 1429 δὲ
707 1400 751 1429 τὸν
767 1400 864 1430 δίκαιον
879 1400 941 1429 ἐπι-

228 1437 384 1474 κληθέντα,
399 1439 434 1472 ὡς
448 1438 543 1478 οἶμαι,
558 1439 645 1478 λέγει.
666 1442 785 1473 hvon·-
808 1444 845 1473 V.
858 1444 942 1474 Thu-

228 1480 329 1519 cyd.1.
346 1482 461 1511 V11.c.
477 1485 526 1513 16.
542 1493 607 1522 sqq.

270 1522 322 1552 Τόν
336 1522 488 1564 Περικλέα]
513 1525 576 1555 Hic
594 1526 638 1557 vir
658 1531 689 1557 et
706 1528 810 1568 patriae
834 1532 865 1558 et
881 1538 937 1558 sae-

227 1565 291 1595 culi
320 1566 367 1595 sui
396 1566 491 1596 decus
521 1568 603 1600 suit..
641 1570 776 1601 Scientia
799 1571 936 1610 politica,

226 1608 362 1644 militari,
376 1613 466 1648 atque
483 1610 659 1650 eloquentia
670 1615 783 1651 pariter
799 1613 937 1652 insignis.

228 1652 276 1681 Ex
293 1651 339 1680 his
357 1655 401 1681 tot
417 1662 452 1681 ac
470 1657 529 1682 tam
550 1656 704 1693 praeclaris
717 1657 839 1686 dotibus
856 1661 938 1686 tanta

225 1694 254 1723 ei
276 1694 405 1724 Athenis
430 1700 500 1724 nata
516 1701 563 1726 est
587 1699 761 1735 auctoritas,
785 1703 818 1728 ut
839 1701 877 1728 ab
900 1699 938 1728 iis

225 1736 276 1774 qui
304 1736 366 1775 ipsi
393 1736 571 1768 invidebant
596 1750 650 1779 pro
675 1752 755 1771 novo
778 1742 936 1771 Pisistrato

226 1779 397 1809 haberetur.
443 1781 533 1810 Unde
559 1782 668 1812 factum
694 1789 752 1819 est,
775 1789 807 1814 ut
838 1784 936 1823 primo

225 1832 352 1851 necesse
367 1821 413 1850 illi
430 1827 510 1852 esset
522 1825 728 1856 moderatione
744 1832 834 1866 atque
849 1828 937 1856 obse-

225 1865 309 1902 quio,
341 1863 430 1893 etiam
458 1866 528 1904 plus
557 1878 646 1906 quain
678 1869 792 1906 decuit,
826 1869 857 1898 in
884 1880 937 1899 sua

225 1907 335 1945 agendi
352 1907 468 1936 ratione
485 1909 537 1938 uti.
585 1911 747 1950 Postquam
775 1922 847 1942 vero
873 1916 936 1942 tan·

226 1953 286 1979 tam
302 1953 483 1988 potestatem
500 1956 605 1982 nactus
621 1958 711 1989 esset,
733 1960 844 1994 quanta
860 1965 937 1994 opus

225 1991 281 2021 suit
293 1993 331 2022 ad
347 1992 440 2022 libere
457 1995 618 2032 agendum,
631 1999 694 2025 tum
707 1997 757 2026 ille
770 1997 936 2028 Athenien-

227 2034 304 2064 sium
317 2035 539 2066 mollitiaehaud
549 2038 664 2068 diutius
675 2040 815 2075 indulsit,
832 2051 936 2070 verum

227 2082 308 2107 tanta
335 2089 404 2107 cum
431 2081 593 2110 severitate
620 2082 756 2121 singulos
778 2083 806 2112 in
838 2083 936 2113 officio

226 2120 410 2157 continebat,
422 2126 454 2150 ut
469 2121 562 2153 iidem
575 2124 723 2160 homines,
737 2126 800 2164 qui,
814 2127 851 2155 ab
867 2126 936 2165 ipso

227 2163 324 2202 gloria
339 2164 496 2200 cumulati,
509 2176 577 2195 eum
594 2167 731 2197 vicissim
747 2169 826 2197 omni
843 2169 937 2198 hono—

226 2216 290 2235 rum
319 2217 427 2245 genere
451 2213 635 2245 onerassent,
660 2211 698 2239 de
727 2211 880 2250 supplicio
909 2212 935 2241 ei

225 2247 390 2287 infligendo
406 2249 581 2289 cogitarent.
629 2253 717 2282 Plato
728 2254 796 2283 voci
808 2254 936 2291 publicae

226 2291 264 2319 de
284 2291 400 2321 Pericle
421 2293 509 2322 tidem
527 2296 675 2332 abrogare
693 2297 796 2331 audet,
819 2297 936 2334 ipsum-

226 2343 284 2371 que
301 2334 405 2372 populi
432 2336 627 2366 Atheniensis
649 2339 864 2376 corrumpendi
890 2340 935 2368 in-

227 2374 357 2404 simulat.
403 2378 497 2414 Quid,
511 2379 609 2417 inquit
625 2380 650 2409 is
665 2381 885 2419 Philosophus,
898 2382 936 2411 de

227 2417 381 2455 Equisone
397 2421 573 2457 sentiamus,
590 2422 641 2460 qui
657 2433 766 2461 equum
785 2433 890 2452 curare
906 2424 935 2453 in

227 2470 259 2489 se
278 2461 439 2498 receperit,
456 2473 583 2501 euinque
601 2465 742 2495 fet-iorem
758 2466 936 2502 reddiderit,

226 2512 313 2540 quam
328 2506 507 2541 acceperat?
526 2507 603 2536 Plat.
614 2507 644 2536 in
656 2509 749 2548 Gorg.
765 2510 849 2549 [pag.
861 2511 935 2541 516.

226 2545 285 2574 Ed.
302 2545 438 2585 serram]
466 2547 606 2578 'Fani-rell.
631 2550 708 2580 vide
734 2552 890 2581 Plutarch.
907 2552 934 2581 in

227 2587 360 2622 Pericle,
385 2593 416 2617 et
445 2590 608 2621 Isocratem
636 2592 665 2621 in
692 2594 779 2623 Orat.
798 2594 858 2634 mg?
876 2593 935 2634 ζεύ-

225 2641 298 2668 γους.
329 2631 467 2660 Momm.

242 2686 245 2688 ·
268 2669 314 2711 Ἐξ
327 2670 356 2701 οὗ
372 2672 399 2701 δὲ
415 2675 437 2702 οἰ
454 2674 629 2713 διερωτῶντες
650 2677 727 2715 ὑμᾶς
748 2677 820 2708 οὗτοι
845 2680 934 2718 πεφή-

224 2726 287 2744 νασι
303 2715 420 2755 ῥήτοςες,
434 2715 464 2745 'rt‘
479 2717 632 2752 Βούλεσθε;
649 2718 679 2747 τί
695 2720 797 2760 γράψω
810 2721 833 2760 ;]
859 2723 934 2751 Ora-

225 2762 307 2787 tores
337 2758 367 2787 id
400 2759 486 2788 unice
524 2763 697 2798 quaerebant
722 2769 752 2793 ut
788 2764 933 2802 populum

225 2801 443 2838 gubernarent5
466 2803 658 2842 populusque
686 2806 750 2834 solu
775 2813 838 2835 erat
861 2808 934 2836 adu-

223 2843 336 2873 latione
353 2844 574 2882 gubernnndus.
621 2847 668 2875 Ad
694 2858 761 2876 enm
787 2849 879 2886 igitur
901 2849 932 2877 id

223 2885 384 2924 imperium
397 2886 576 2925 pertinebat,
586 2888 636 2926 qui
651 2889 687 2917 nd
701 2891 933 2920 assentationem

224 2933 307 2957 esset
322 2929 556 2966 eruditissimus,
573 2931 619 2960 vel
639 2932 743 2970 potius
765 2933 816 2971 qui
843 2934 932 2962 dccc-

223 2970 321 3008 ptorin
350 2977 451 3012 partes
474 2983 565 3013 agere
581 2975 772 3014 potissimum
795 2975 931 3006 calleret.

677 455 691 482 ¹
705 454 970 530 χαρίσωμαι
994 477 1007 515 ;
1043 459 1330 532 προπέποται
1366 461 1444 520 τῆς
1469 459 1686 527 ρἰει-οιροιυ-

965 579 977 597 2
999 577 1162 616 παξαυτίκα
1179 578 1264 611 ἡδονῆς
1281 578 1327 608 καὶ
1346 580 1463 619 χάςιτος

981 678 1017 708 Ῐιι
1036 678 1128 708 hosce
1145 678 1294 714 homines,
1317 684 1374 708 tam
1399 679 1527 719 turpiter
1543 678 1685 718 obsequi-

980 730 1063 756 osos,
1081 725 1111 750 et
1127 721 1266 760 populari
1285 722 1389 760 gratiae
1406 722 1586 757 servientes,
1602 725 1685 751 certe

979 774 1037 793 non
1060 763 1159 793 minus
1176 775 1263 802 quam
1279 766 1389 793 Orator
1404 769 1517 799 noster,
1534 764 1686 794 invehitur

980 806 1198 844 Aristophanes
1215 807 1244 836 in
1270 807 1431 846 Equitibus
1448 807 1516 836 Act.
1537 810 1563 837 1.
1586 807 1636 836 Sc.
1654 809 1684 835 1.

978 854 1008 878 et
1021 852 1050 879 Q.
1074 849 1214 888 idemque
1229 849 1260 878 in
1278 849 1388 887 Vespis
1404 852 1433 879 2.
1450 849 1632 878 Aristoteles
1647 848 1686 878 de

980 892 1059 930 Rep.
1080 890 1133 920 lib.
1156 892 1197 920 iv.
1214 901 1282 931 cap.
1297 896 1328 921 4.
1341 892 1393 921 lib.
1412 902 1440 920 v.
1457 902 1524 930 cap.
1539 893 1569 921 6.
1583 897 1614 920 et
1634 894 1685 920 11.

977 934 1130 963 Isocrates
1146 934 1184 962 de
1200 935 1290 964 Pace.
1324 935 1514 973 Quicunque,
1532 933 1686 963 exclamat

978 977 1210 1012 Demosthenes,
1233 977 1263 1006 in
1284 977 1429 1006 Oratione
1453 978 1491 1006 de
1515 978 1591 1015 Rep.
1608 975 1684 1005 Ord.

977 1019 1148 1058 quicunque
1189 1019 1380 1058 Reipublicae
1414 1020 1561 1058 prodesse
1599 1018 1684 1053 velit,

975 1061 1073 1100 primo
1090 1062 1216 1091 auribus
1231 1062 1344 1092 vestris
1361 1062 1475 1091 mederi
1490 1062 1594 1096 debet,
1609 1060 1685 1090 nihil

975 1104 1058 1133 aliud
1082 1104 1186 1134 audire
1213 1104 1391 1136 assuefactis
1415 1114 1505 1143 quam
1525 1104 1608 1144 quod
1632 1113 1685 1132 eas

975 1147 1091 1176 titillet.
1137 1147 1265 1176 Cleones
1296 1152 1326 1177 et
1353 1147 1566 1186 Cleophones,
1587 1145 1685 1184 inquit

976 1189 1151 1218 Demetrius
1164 1190 1342 1226 Phalereus,
1360 1193 1388 1218 1.
1408 1192 1454 1219 De
1468 1189 1592 1228 Eloq.c.
1609 1189 1682 1218 315.

974 1231 1031 1261 hoc
1047 1237 1104 1267 est,
1118 1237 1332 1267 assentatores,
1349 1232 1496 1271 populum
1522 1231 1684 1261 Athenien-

974 1284 1034 1303 sem
1053 1279 1146 1303 totum
1164 1276 1331 1312 possident,
1344 1275 1395 1312 qui
1408 1285 1465 1303 non
1482 1274 1540 1304 nisi
1553 1274 1684 1303 istorum

973 1316 1098 1346 auribus
1113 1321 1202 1355 atque
1218 1317 1374 1346 intellectu
1387 1317 1430 1346 uti
1443 1317 1516 1346 vult.
1540 1315 1684 1346 Tourrele.

972 1360 1078 1388 IDEM.

1016 1400 1051 1430 Τι’
1074 1401 1140 1440 ὑμῖν
1163 1402 1348 1443 χαρίσωμαι]
1390 1402 1480 1440 Vulg.
1511 1398 1684 1442 χοιςίσομιιι,

975 1444 1028 1472 sed
1046 1444 1181 1478 interest,
1197 1451 1296 1475 utrum
1325 1445 1418 1474 utaris
1437 1446 1593 1482 conjunct.
1608 1453 1684 1478 aon,

975 1497 1010 1515 an
1032 1487 1144 1521 futuro,
1169 1487 1223 1516 ille
1246 1489 1324 1518 enim
1346 1493 1394 1517 est
1416 1486 1590 1526 quaerentiS‚
1611 1485 1684 1524 quid

972 1529 1024 1558 alii
1041 1529 1136 1559 velint
1162 1533 1195 1559 ut
1217 1530 1278 1566 fiat,
1301 1531 1361 1564 bic,
1385 1541 1419 1559 an
1445 1530 1495 1559 alii
1516 1529 1685 1558 concedant

972 1571 1070 1611 (quod
1084 1572 1146 1601 fere
1162 1574 1330 1603 concedere
1343 1572 1470 1612 debent)
1483 1576 1516 1601 ut
1532 1572 1582 1600 fiat
1597 1582 1604 1600 :
1629 1572 1685 1600 hac

973 1615 1012 1643 de
1037 1625 1069 1643 re
1093 1616 1319 1653 conjunctivum
1341 1626 1415 1651 aon,
1436 1625 1527 1655 quem
1551 1614 1629 1644 cod.
1653 1625 1685 1643 a.

974 1658 1098 1696 praebet,
1112 1668 1179 1687 cum
1197 1659 1329 1688 Bekker.
1343 1659 1473 1697 praetuli.
1499 1657 1684 1695 Hujusmodi

973 1707 1107 1729 oratores
1132 1702 1309 1739 perstringit
1332 1701 1487 1740 Aristoph.
1513 1700 1613 1738 Equit.
1630 1702 1684 1731 50.

971 1747 1002 1771 et
1027 1745 1099 1773 215.
1115 1742 1159 1776 τὸν
1182 1743 1266 1783 δῆμον
1287 1744 1340 1773 αἰεὶ
1366 1743 1534 1782 προσ-ποιοῦ,
1561 1743 1684 1779 ὑπογλυ-

971 1784 1066 1814 καίνων
1081 1785 1227 1825 ῥηματίοις
1240 1787 1424 1825 μαγειξικοῖς.
1449 1785 1575 1815 Riiorc.

1014 1826 1211 1867 Πξοπέποτιιι]
1229 1828 1347 1869 ’Ὠσπερ
1363 1828 1389 1857 ἐν
1403 1825 1557 1867 συμποσίῳ
1578 1827 1590 1856 ὅ
1605 1825 1682 1862 οἶνος,

972 1868 1043 1898 οὕτω
1068 1870 1114 1898 καὶ
1137 1869 1161 1899 ἐν
1184 1869 1314 1910 πολιτείᾳ.
1337 1871 1384 1899 καὶ
1411 1870 1531 1908 πολέμῳ
1557 1871 1596 1899 τὰ
1612 1871 1684 1909 πρά-

971 1923 1078 1951 γματα
1089 1914 1300 1948 κατηνάλωται,
1313 1914 1359 1942 καὶ
1372 1914 1392 1943 οἱ
1408 1913 1492 1953 καιροὶ
1508 1911 1684 1951 ἐκπεφεύγα-

973 1966 1027 1983 σιν.
1077 1956 1258 1985 Delectatur
1288 1957 1341 1985 hac
1367 1956 1544 1994 metaphora
1570 1956 1684 1985 Demo-

972 1998 1104 2033 sthenes,
1113 1997 1202 2027 καίτοι
1217 1998 1244 2027 οὐ
1258 1999 1330 2028 πάνυ
1342 1996 1520 2037 συμποτικὸς
1535 1997 1683 2036 γενόμενος.

972 2039 1038 2079 ὕδως
1054 2041 1101 2069 καὶ
1123 2041 1208 2076 ἔπινε,
1223 2041 1272 2070 καῖ
1295 2040 1360 2081 πρὸς
1372 2042 1468 2082 λύχνον
1484 2040 1595 2070 διεπόνει
1619 2042 1685 2074 τοὺς

971 2083 1078 2120 λόγους.
1102 2084 1215 2114 W'OLR

1014 2125 1226 2167 Προωὲωοται]
1265 2127 1382 2157 Graecis
1417 2127 1538 2156 solenne
1566 2125 1624 2155 fuit
1649 2125 1680 2155 in

971 2169 1122 2198 conviviis
1149 2170 1329 2199 lautioribus
1350 2170 1437 2199 alteri
1453 2169 1624 2209 propinare,
1650 2174 1682 2199 et.

970 2211 1082 2240 deinde
1099 2214 1239 2249 poculum
1256 2213 1281 2241 ei
1300 2213 1421 2241 donare.
1469 2212 1549 2240 Hinc
1562 2217 1682 2249 sumpta

971 2255 1156 2292 metaphora,
1200 2253 1333 2295 προπίνειν
1374 2254 1523 2293 significat
1560 2253 1681 2289 (Intrare,

969 2297 1129 2331 concedere,
1151 2299 1280 2335 prodere.
1326 2297 1393 2326 Etsi
1422 2297 1460 2326 de
1476 2295 1566 2336 hujus
1595 2296 1683 2326 vocis

970 2344 1072 2376 etymo
1088 2349 1272 2377 nequaquam
1289 2339 1431 2369 convenit
1445 2339 1522 2368 inter
1533 2339 1683 2369 eruditos.

971 2380 1014 2410 Ex
1026 2382 1096 2410 edit.
1120 2383 1241 2412 Srocx.

1012 2423 1437 2464 Πςοπέποται-πράγματα]
1462 2425 1564 2454 Schol.
1591 2423 1680 2454 Pind.

969 2466 1095 2504 Olymp.
1122 2469 1152 2496 7.
1169 2469 1198 2497 ἱη
1224 2468 1308 2496 haec:
1333 2466 1518 2507 προπίνειν
1542 2465 1607 2496 ἐστὶ
1631 2478 1680 2497 κυ-

968 2507 1026 2548 ρίως
1040 2507 1072 2538 ’τὸ
1087 2509 1154 2549 ἅμα
1170 2511 1215 2549 τῷ
1228 2511 1357 2551 κράματι
1373 2510 1410 2551 (i.
1426 2520 1452 2539 e.
1470 2508 1545 2549 οἴνῳ)
1567 2508 1600 2538 τὸ
1627 2510 1680 2548 ἆγ-

968 2552 1037 2589 γεῖον
1051 2552 1236 2592 χαρίζεο-θαι,
1253 2553 1372 2582 omnino
1397 2552 1604 2590 propinantem
1626 2552 1680 2581 ali-

969 2595 1039 2632 quid
1069 2596 1258 2634 (libertatem
1289 2597 1376 2624 Dem.
1406 2595 1445 2623 de
1469 2595 1540 2623 Cor.
1563 2591 1680 2634 §.440

969 2638 1111 2674 prodere.
1131 2638 1278 2675 llermog.
1302 2642 1332 2666 et
1348 2637 1530 2675 Harpocrnt.
1559 2642 1679 2675 (προπε-

969 2679 1111 2717 πωκότες)
1126 2680 1280 2720 explicant
1296 2689 1350 2717 per
1375 2679 1533 2718 πξοδιδόναι.
1560 2680 1679 2709 Mnuss.

968 2723 1005 2751 ad
1026 2724 1175 2760 Harpocr.
1193 2727 1222 2751 et
1239 2721 1305 2750 Val.
1320 2721 1356 2749 ad
1374 2722 1490 2750 Mauss.
1516 2720 1642 2751 Riinm.

1010 2767 1065 2798 Τῆς
1080 2763 1250 2802 wagan-dua
1266 2763 1365 2803 ἡδονῆς]
1390 2763 1511 2792 Scilicet
1529 2763 1618 2792 ἕνεκα·
1634 2764 1679 2794 διὰ

966 2807 1015 2836 τὴν
1030 2808 1177 2845 παροῦσαν
1203 2806 1248 2834 καὶ
1271 2804 1414 2845 &neptuim
1443 2805 1536 2835 ἧδονῆν.
1559 2807 1678 2837 Ἂόιΐ.

967 2849 1110 2877 Genitivo
1137 2858 1209 2877 usus
1238 2852 1286 2877 est
1320 2854 1433 2879 orator.
1472 2849 1611 2886 quoniam
1647 2849 1678 2878 in

966 2901 1107 2930 vrgovrsw.
1125 2891 1201 2919 inest
1226 2891 1308 2919 notio
1325 2891 1509 2920 venditionis.
1527 2891 1606 2920 Phil.
1631 2892 1677 2921 ΙΙ.

964 2934 989 2973 §.
1005 2932 1042 2964 θ’.
1071 2932 1203 2971 κέκρισθε
1217 2950 1257 2954 -
1271 2933 1380 2962 εὔνοιαν.
1418 2934 1486 2962 Non
1509 2933 1589 2964 enim
1606 2943 1676 2964 oum

966 2975 1061 3005 wolf.
1075 2975 1150 3006 ἕνεκα
1168 2976 1383 3015 supplendum.
1410 2975 1532 3007 ntimo.
