1824 3171
593 198 666 236 AD
698 197 1165 235 DEMOSTHENEM.
1522 194 1607 234 clvii

150 304 305 351 Paulus,
326 302 490 342 viderint
509 299 585 338 alii.
642 299 767 338 Nobis
795 300 1048 352 incompertae
1075 307 1163 339 sunt
1183 298 1339 337 minutae
1366 311 1529 350 quaeque
1550 312 1606 339 ra-

151 366 275 404 tiones
315 364 464 402 illarum
498 361 730 405 editionum
769 368 920 400 constat
952 370 1083 400 tamen
1115 361 1275 399 Paulum
1315 359 1453 410 graecis
1489 361 1607 399 literis

152 426 287 471 minus,
306 436 417 475 quam
440 422 578 467 latinis,
596 422 773 460 valuisse.
829 423 941 461 Ordo
961 424 1176 461 orationum
1194 422 1231 459 in
1244 420 1317 458 hac
1334 420 1500 458 editione
1516 435 1610 471 pau-

153 487 231 524 lum
253 486 301 523 ab
324 484 470 522 Aldina
489 484 664 521 discedit.
705 483 753 520 In
767 484 891 534 primo
910 484 1103 522 volumine
1118 490 1206 521 sunt
1228 494 1360 520 omnes
1382 480 1611 531 συμβουλευ-

153 548 252 592 τικοὶ,
266 546 405 596 quibus
425 545 684 595 adjunguntur
703 545 899 595 prooemia,
920 553 959 583 et
978 546 1054 583 duo
1074 545 1312 589 ἐπιδεικτικοὶ,
1335 543 1416 580 scil.
1438 542 1609 580 funebris

152 615 192 645 et
207 608 426 647 amatorius.
485 607 588 645 Haec
607 606 677 644 tria
696 607 735 643 in
756 606 912 654 Aldina,
933 614 974 645 ut
999 615 1038 645 et
1058 607 1243 652 Parisina,
1267 606 1316 643 ad
1333 605 1448 642 finem
1465 606 1611 654 rejecta

150 677 254 707 sunt.
313 670 356 706 In
379 669 550 707 secundo
570 675 657 706 sunt
681 675 794 706 oratt.
823 682 891 720 pro
921 682 1077 714 corona,
1109 669 1157 706 de
1181 668 1279 706 falsa
1306 666 1509 716 legatione,
1531 666 1609 704 Le-

153 730 297 781 ptinea‚
314 731 502 775 Midiana,
522 730 561 767 in
583 730 875 776 Androtionem,
897 730 935 767 in
957 731 1256 774 Aristocratem‚
1276 729 1314 766 in
1335 729 1608 775 Timocratem,

152 791 192 829 in
212 793 515 843 Aristogitonem
536 792 635 829 duae.
684 791 862 842 Reliquae
882 793 1042 843 privatae
1062 793 1217 830 tertium
1237 791 1417 829 volumen
1437 791 1610 841 implent.

154 855 270 893 Hanc
290 855 499 893 editionem
519 855 622 893 aiunt
637 867 658 891 e
675 853 894 893 Felicianea
913 868 1138 906 expressam
1155 867 1253 892 esse.
1310 853 1446 890 Potest
1466 853 1548 890 fieri
1569 862 1611 891 ut

151 929 284 955 verum
311 917 425 955 aiant.
483 916 670 955 Solebant
689 922 770 952 tum
799 917 982 968 temporis
1002 915 1227 968 typographi
1256 914 1340 952 Itali
1367 914 1405 951 in
1431 927 1472 951 se
1498 914 1613 953 latro-

153 978 254 1017 cinia
269 992 469 1017 exercere.
525 979 655 1016 Juntae
672 990 712 1014 se
732 977 874 1028 primos
894 978 1024 1024 edere,
1047 987 1113 1016 aut
1127 977 1372 1022 correctiora,
1392 976 1507 1022 ferre,
1525 990 1610 1027 quae

155 1040 283 1077 Aldus
300 1040 497 1084 edidisset,
516 1046 555 1077 et
577 1039 701 1076 Aldus
720 1045 863 1084 contra,
878 1053 965 1090 quae
986 1041 1131 1078 Juntae.
1168 1039 1306 1077 Similis
1324 1038 1475 1075 videtur
1493 1052 1613 1075 aemu-

153 1101 259 1147 latio,
274 1101 414 1139 similes
433 1100 678 1139 excursiones
692 1107 835 1137 mutuae
850 1101 888 1137 in
901 1101 996 1139 fines
1014 1101 1158 1139 alienos
1173 1100 1434 1138 intercessisse
1448 1100 1612 1139 Paulum

155 1162 379 1200 Manutium
405 1169 444 1200 et
466 1161 721 1199 Brucciolum.
780 1161 1032 1212 Deprehendi
1061 1170 1190 1199 tamen
1224 1174 1499 1211 nonnunquam
1529 1162 1612 1200 illas

154 1224 249 1262 duas
266 1224 456 1262 editiones
477 1223 754 1261 Bernardinam
776 1230 815 1261 et
835 1223 1037 1261 Paulinam
1057 1224 1157 1261 inter
1176 1237 1217 1261 se
1247 1223 1478 1274 discrepare.
1536 1225 1609 1263 Ex.

155 1298 191 1323 c.
211 1299 250 1336 p.
268 1288 360 1325 286.
382 1289 421 1325 2.
478 1286 613 1324 Potest
641 1285 724 1323 fieri
748 1291 789 1322 ut
809 1284 953 1323 Paulus
973 1286 1096 1331 locos,
1124 1286 1163 1323 in
1191 1286 1329 1337 quibus
1360 1299 1383 1323 a
1412 1286 1611 1324 Bernardo

154 1346 330 1394 discedit,
361 1361 408 1386 ex
429 1348 491 1385 ed.
513 1347 625 1386 Hier.
652 1346 780 1384 Wolfii
808 1347 930 1397 prima
965 1349 1033 1398 (A.
1058 1349 1190 1397 1549.)
1218 1348 1428 1399 acceperit,
1458 1348 1507 1386 de
1536 1362 1614 1399 quo

154 1408 376 1460 diligentius
395 1409 656 1461 quaerendum.
712 1407 868 1446 Indices
890 1409 1029 1461 cuique
1049 1410 1229 1447 volumini
1251 1411 1307 1447 sui
1327 1417 1416 1448 sunt
1436 1410 1615 1458 subjecti,

155 1470 220 1520 qui
246 1471 424 1508 videntur
448 1471 565 1509 iidem
588 1483 673 1508 esse
700 1484 790 1508 cum
821 1470 907 1517 illis,
935 1485 1030 1522 quos
1054 1472 1271 1510 Felicianus
1300 1486 1380 1510 suae
1401 1472 1615 1519 addiderat,

153 1531 364 1583 iisdemque
393 1532 494 1570 vitiis
522 1533 710 1577 laborant,
739 1533 876 1583 quibus
913 1534 1088 1571 Aldinus.
1145 1534 1431 1584 Nonnunquam
1464 1534 1615 1573 indices

155 1594 365 1632 lectionem
386 1595 562 1640 eandem,
588 1608 672 1645 quae
705 1595 739 1631 in
769 1602 880 1632 texto
901 1603 971 1641 est,
994 1596 1175 1641 reddunt,
1198 1608 1402 1647 suppressa
1427 1597 1532 1633 varia
1560 1597 1616 1634 le-

157 1653 301 1702 ctione,
317 1669 431 1706 quarn
451 1657 730 1708 exspectabas;
749 1670 852 1708 saepe
869 1656 905 1694 in
917 1665 1025 1696 texto
1044 1657 1248 1695 asteriscus
1265 1665 1323 1695 est
1335 1657 1480 1707 positus
1496 1658 1545 1695 ad
1559 1658 1616 1695 in-

152 1717 283 1755 dicem
303 1718 503 1769 ablegans,
523 1731 638 1770 quem
655 1718 685 1755 si
704 1719 884 1764 consulis,
908 1720 1083 1757 delusum
1101 1728 1136 1757 te
1157 1720 1288 1758 sentis.
1344 1720 1416 1757 Ille
1436 1727 1554 1766 tacet,
1574 1728 1616 1758 tu

153 1778 297 1816 frustra
311 1779 531 1829 quaesivisti.
588 1779 739 1817 Indices
756 1780 866 1817 Pauli
886 1781 953 1818 ubi
975 1795 1062 1819 cum
1082 1781 1224 1819 Aldino
1247 1782 1504 1826 consentiunt,
1526 1789 1616 1820 sunt

155 1850 209 1877 ex
230 1840 376 1878 Aldino
394 1840 508 1878 sumti
526 1857 535 1886 ;
566 1848 802 1892 quapropter
823 1856 892 1893 pro
913 1856 988 1881 uno
1018 1843 1260 1881 solummodo
1288 1843 1468 1894 suffragio
1496 1844 1617 1882 habe-

156 1902 312 1941 buntur.
367 1903 591 1940 Dolendum
611 1911 763 1942 veteres
795 1905 897 1943 hanc
923 1905 1078 1943 critices
1103 1912 1251 1956 partem
1277 1912 1357 1943 tam
1385 1906 1520 1956 supine
1541 1913 1616 1944 tra-

157 1972 300 2011 ctasse,
319 1973 362 2002 ut
379 1978 400 2003 e
419 1978 496 2016 quo
517 1965 650 2003 codice
673 1979 748 2004 una
765 1980 928 2017 quaeque
948 1967 1067 2005 lectio
1083 1974 1186 2005 esset
1206 1967 1405 2018 depromta
1425 1981 1501 2006 non
1520 1968 1620 2005 indi-

159 2033 304 2072 carent,
324 2026 494 2077 quamvis
511 2033 662 2064 constet
679 2027 777 2065 inter
797 2028 947 2067 criticos
968 2030 1132 2066 multum
1151 2029 1308 2074 referre,
1329 2036 1384 2075 ut,
1406 2043 1482 2080 quo
1505 2043 1526 2068 e
1553 2043 1618 2067 co·

160 2088 249 2126 dice
264 2088 383 2126 lectio
399 2087 587 2138 quaepiam
608 2089 780 2127 derivata
800 2090 861 2135 sit,
883 2104 932 2128 ne
947 2091 1149 2128 nesciatur.
1208 2092 1310 2129 Nam
1327 2091 1364 2127 in
1385 2091 1617 2130 auctoritate

159 2149 306 2187 codicis
328 2162 510 2199 magnum
530 2156 589 2187 est
614 2151 880 2200 praejudicium
910 2152 961 2189 ad
989 2152 1260 2190 auctoritatem
1289 2152 1406 2203 ipsius
1429 2153 1617 2192 lectionis.

162 2211 267 2248 Nih-il
286 2211 372 2249 haec
391 2210 508 2248 habet
528 2210 659 2257 editio,
680 2211 782 2261 quod
801 2211 840 2249 in
860 2213 1004 2251 Aldina
1022 2227 1100 2251 non
1120 2220 1234 2262 esset,
1254 2221 1510 2265 praeterquam
1525 2228 1621 2265 prae-

160 2273 343 2312 fationem
361 2285 539 2324 graecam,
555 2286 631 2323 qua
649 2273 794 2311 Paulus
813 2274 912 2312 hanc
928 2275 1135 2313 editionem
1151 2276 1363 2327 Λουέουίκῳ
1382 2276 1619 2327 Βεκατελλίῳ

160 2339 209 2386 τῷ
230 2334 430 2382 Ραβέλλου
441 2335 637 2385 ἐπισκόπῳ,
655 2336 888 2387 ἀποστολικῷ
905 2337 1080 2390 Ενετ-ίῃσι
1095 2337 1242 2388 >xvsti-fcta
1262 2337 1478 2376 insci-ibin*
1513 2338 1621 2375 Red-

159 2396 271 2434 detur
287 2396 371 2434 haec
387 2396 550 2447 epistola
568 2403 652 2433 tota
671 2396 708 2433 in
729 2397 836 2436 calce
863 2398 982 2435 nostri
1003 2398 1127 2449 operis
1148 2411 1224 2435 una
1245 2412 1334 2436 cum
1353 2398 1436 2436 aliis
1462 2399 1623 2437 dedica-

159 2458 326 2496 tionibus
345 2465 384 2495 et
402 2457 703 2508 praefationibus.
763 2459 947 2509 Epistolae
976 2460 1091 2509 hujus
1111 2460 1185 2497 hoc
1204 2461 1484 2511 propemodum
1505 2475 1619 2511 argu-

160 2527 333 2558 mentum
347 2526 427 2563 est3
446 2519 564 2556 fuisse
585 2519 756 2569 queritur
773 2520 929 2566 Paulus,
945 2521 1010 2572 qui
1023 2522 1222 2572 segnitiem
1240 2522 1311 2559 sibi
1327 2524 1617 2574 exprobrarent,

159 2581 265 2633 quod
292 2582 415 2619 haeres
434 2582 560 2618 factus
579 2582 846 2632 typographiae
873 2595 893 2620 a
914 2590 1023 2633 patre
1050 2584 1195 2621 relictae
1225 2584 1379 2634 egregie
1408 2585 1618 2631 instructae,

161 2644 215 2681 nil
232 2651 386 2681 curaret
404 2649 552 2696 patrem
574 2642 722 2689 imitari,
753 2643 823 2681 sed
844 2657 937 2695 opes
964 2651 1042 2682 tam
1062 2646 1267 2696 praeclaras
1296 2659 1373 2683 non
1400 2648 1619 2685 exercendo

207 2763 225 2781 ἃ*
251 2764 471 2803 Papadopulus
493 2763 522 2793 in
542 2762 682 2793 Historia
698 2763 860 2803 Gymnasii
875 2764 1015 2795 Patavini
1030 2763 1081 2805 (ss⁴
1109 2763 1301 2803 ρῦεἴεῖὶϊῒεη
1327 2766 1464 2796 Lexicon
1487 2767 1523 2796 T.
1542 2769 1568 2796 I.
1592 2778 1620 2796 c.

165 2813 254 2855 887.)
275 2815 352 2845 ‹licit
370 2816 489 2846 Ludov.
515 2815 737 2845 Beccatellium
753 2815 964 2855 episcopatum
990 2817 1111 2847 Raveffi
1132 2819 1266 2847 oblatum
1284 2828 1301 2847 a
1316 2818 1450 2848 Ranulio
1472 2819 1619 2848 Farnesio

165 2875 333 2896 recusasse.

209 2916 283 2945 Loci
303 2917 341 2945 de
366 2916 553 2946 Beccatellio
577 2917 657 2954 apud
682 2917 852 2947 Manutium
877 2918 908 2947 in
933 2918 1073 2957 epistolis
1097 2919 1162 2959 (ed.
1188 2920 1283 2948 Hem.
1309 2920 1472 2959 Stephani)
1490 2930 1518 2958 p.
1548 2921 1616 2950 113.

166 2965 314 3005 Epistulae
331 2967 478 2997 clarorum
497 2968 629 2997 virorum
647 2978 663 2997 a
680 2968 778 2998 Paulo
796 2969 972 3000 Μιεέιῃιιιίο
982 2972 1102 3000 .1.“331.
1119 2970 1209 2999 editae
1227 2983 1253 3010 p.
1270 2976 1320 3000 03.
