1824 3171
457 159 536 198 AD
569 156 729 197 SUUM
757 154 1052 195 DEMOSTH.
1083 155 1366 194 PRAEFATT.
1606 154 1632 194 li

188 262 336 303 erudita
347 260 573 313 praesertim,
590 266 630 299 et
645 259 754 298 utilia
772 258 963 305 studiosis,
985 258 1252 297 conscribunt:
1272 257 1341 296 sed
1359 257 1534 296 maximis
1548 258 1631 296 lau-

189 325 301 364 dibus
316 323 451 374 dignos
464 336 547 361 esse
562 322 710 371 judico,
724 322 785 360 vel
799 329 958 373 propter
974 328 1131 359 conatus
1145 321 1337 371 egregios.
1367 320 1444 358 Sed
1456 333 1529 371 ego
1545 334 1631 359 cum

189 387 224 424 in
241 386 306 424 illo
325 398 468 436 genere
483 398 544 423 me
556 385 616 423 vel
636 397 769 435 parum
789 392 971 435 praestare
984 396 1108 434 posse,
1124 383 1185 421 vel
1201 383 1350 420 inanem
1363 395 1518 433 operam
1534 395 1633 419 sum-

189 454 316 485 turum
344 460 427 485 esse
448 446 722 496 intelligerem:
753 453 792 483 et
811 458 858 484 eo
878 459 940 484 me
959 453 1173 496 temporum
1192 445 1298 490 ratio,
1317 445 1377 482 vel
1397 444 1633 494 perturbatio

189 508 318 559 potius
338 507 600 558 compulisset,
619 513 661 544 ut
680 513 811 545 contra
827 507 1062 545 voluntatem
1083 507 1196 545 etiam
1217 514 1255 544 et
1273 506 1481 544 institutum
1506 518 1635 542 meum

189 569 332 620 aliquid
345 569 564 607 audendum
584 576 686 607 esset
702 583 712 606 ε
738 582 814 606 non
830 576 972 606 temere
989 569 1142 606 omnino
1156 569 1250 606 duos
1271 568 1435 606 Graeciae
1451 575 1634 618 praestan-

187 631 351 670 tissimos
371 639 539 669 oratores
558 631 675 669 latina
694 631 867 669 oratione
895 631 1142 682 explicandos
1169 631 1296 680 delegi
1313 644 1322 668 ε
1350 629 1526 675 maxime,
1547 641 1636 666 cum

187 692 353 731 fortunae
366 693 597 744 suffragium,
615 694 722 743 cujus
734 692 953 743 gravissima
966 700 1022 730 est
1035 693 1071 729 in
1085 693 1196 730 rebus
1209 691 1425 729 mortalium
1438 689 1635 735 autoritas,

190 755 392 793 consilium
416 768 544 792 meum
562 754 796 806 approbarit.
852 755 1056 792 Distractis
1077 754 1175 791 enim
1190 754 1270 791 fere
1287 752 1413 804 primis
1436 752 1506 802 (sic
1526 759 1638 803 typo-

189 816 322 868 graphi
350 816 570 867 loquuntur)
591 815 886 867 exemplaribus,
916 820 1059 865 maj0re
1087 816 1285 854 doctorum
1305 815 1502 866 applausu,
1524 826 1637 864 quam

190 877 448 928 improborum
462 877 756 923 obtrectatione,
771 879 841 916 sub
857 878 1032 916 incudem
1048 884 1251 928 utrumque
1268 890 1363 928 opus
1379 875 1637 913 revocandum

190 939 277 977 fuit.
311 940 426 982 Quod
445 946 487 976 ut
505 939 781 985 intellexeram,
801 940 872 977 etsi
891 940 954 977 vix
975 940 1022 977 ab
1042 940 1234 977 immensis
1248 939 1444 988 utriusque
1464 934 1638 975 editionis

190 1000 382 1038 laboribus
397 1001 658 1051 respirassem,
669 1008 708 1038 et
720 1014 873 1052 ea,quae
887 1002 1052 1039 tenuitas
1066 1001 1250 1039 doctrinae
1264 1013 1360 1037 meae
1376 997 1638 1050 atqueingenii

191 1069 273 1099 tum
289 1062 451 1108 ferebat,
464 1063 541 1100 fide
557 1062 710 1113 optima,
727 1076 948 1114 summaque
970 1063 1166 1113 diligentia
1179 1062 1438 1113 praestitissem
1457 1074 1465 1098 :
1496 1067 1638 1103 tamen,

189 1123 280 1174 quia
311 1124 543 1173 posteriores
576 1124 832 1173 cogitationes
864 1124 1042 1161 meliores
1076 1137 1158 1162 esse
1189 1124 1378 1167 dicuntur,
1408 1134 1533 1172 neque
1560 1121 1640 1158 fere

190 1184 390 1235 quisquam
411 1185 550 1223 artifex
580 1185 699 1221 ullum
721 1198 816 1236 opus
837 1185 889 1223 ita
908 1185 1071 1236 perficit,
1092 1192 1134 1222 ut
1152 1188 1231 1234 ejus
1251 1183 1473 1235 expoliendi
1492 1182 1639 1219 nullum

189 1245 262 1283 sibi
281 1245 410 1283 locum
430 1246 640 1297 relinquat:
672 1247 977 1297 recognoscendi
999 1260 1135 1284 munus
1155 1247 1244 1284 mihi
1265 1245 1540 1296 defugiendum
1555 1256 1641 1282 esse

191 1319 269 1345 non
287 1308 480 1358 putabam.
536 1308 593 1346 Ut
620 1307 720 1345 enim
748 1309 838 1346 boni
867 1316 1046 1359 parentes
1075 1309 1252 1359 genuisse
1281 1321 1370 1346 suos
1399 1307 1538 1344 liberos
1564 1318 1642 1342 non

191 1369 375 1414 contenti,
397 1369 553 1407 eosdem
583 1367 697 1408 etiam
726 1370 891 1408 educare
919 1378 1034 1421 atque
1063 1384 1199 1408 ornare
1229 1370 1330 1408 omni
1360 1368 1558 1419 diligentia
1577 1380 1640 1404 co-

191 1438 353 1468 nantur:
380 1431 435 1468 sic
455 1444 530 1482 ego
549 1433 623 1470 mei
645 1432 754 1469 officii
771 1445 858 1468 esse
879 1433 993 1477 duco,
1013 1433 1043 1469 si
1063 1433 1154 1482 quid
1173 1432 1267 1470 lucis
1288 1439 1326 1470 et
1343 1431 1474 1469 nitoris
1491 1430 1642 1480 scriptis

191 1491 287 1529 meis
315 1490 450 1528 afferre
478 1493 736 1530 meditationis
767 1492 954 1530 industria
981 1494 1134 1544 possim,
1164 1495 1277 1531 nullis
1305 1494 1343 1530 in
1372 1506 1418 1530 ea
1444 1505 1486 1530 re
1506 1491 1643 1540 vigiliis

192 1565 277 1591 esse
304 1552 553 1603 parcendum,
584 1561 624 1590 et
651 1554 803 1590 candidi
834 1555 987 1588 lectoris
1017 1555 1300 1603 exspectationi
1320 1567 1374 1594 ac
1393 1554 1590 1598 voluntati,
1612 1553 1643 1591 si

190 1626 268 1664 qua
287 1613 433 1651 ratione
461 1612 543 1650 fieri
571 1619 701 1663 queat,
733 1613 1054 1652 satisfaciendum.
1111 1616 1294 1656 Quamvis
1321 1617 1422 1654 enim
1449 1625 1537 1654 ante
1567 1615 1642 1654 hoc

178 1670 343 1726 ‘tempus
363 1687 409 1712 ea
431 1680 664 1712 consecutus
683 1674 820 1711 fuerim
838 1675 997 1725 praemia
1022 1675 1329 1714 lucubrationum
1350 1691 1533 1722 mearum,
1556 1690 1643 1728 quae

194 1736 430 1774 voluntatem
451 1735 501 1773 ad
520 1735 619 1773 bene
639 1735 864 1773 merendum
884 1734 932 1773 de
959 1735 1077 1774 literis
1098 1750 1300 1775 accensam
1321 1739 1557 1789 restinguere
1575 1736 1644 1790 po'-

193 1797 283 1842 tius,
312 1809 425 1847 quam
454 1795 688 1833 inflammare
715 1803 895 1847 possent:
936 1797 1080 1835 excelsi
1109 1805 1238 1836 tamen
1267 1807 1306 1837 et
1337 1800 1501 1839 liberalis
1532 1800 1645 1839 animi

193 1858 370 1902 habetur,
387 1859 571 1907 majorem
589 1857 713 1903 officii,
729 1871 840 1908 quam
858 1858 1116 1905 emolumenti,
1134 1860 1276 1899 ducere
1291 1862 1476 1899 rationem
1492 1875 1501 1899 z
1530 1869 1644 1912 atque

193 1919 234 1957 id
253 1932 330 1957 non
349 1918 388 1955 in
404 1918 559 1956 minimo
580 1919 765 1969 deputare
784 1919 903 1964 lucro,
919 1920 1097 1970 siquibus
1115 1922 1295 1972 prodesse
1313 1924 1512 1974 possimus.
1545 1924 1645 1961 Nam

196 1980 398 2031 gloriolam
419 1980 572 2030 quidem
591 1981 869 2032 aucupandam,
891 1989 931 2019 et
950 1995 1083 2020 vanam
1103 1984 1205 2021 illam
1223 1985 1369 2022 aurium
1389 1986 1645 2023 titillationem

197 2041 311 2080 tantis
323 2041 624 2079 solicitudinibus
639 2050 678 2080 et
687 2043 863 2080 aerumnis
871 2056 953 2081 esse
967 2045 1353 2091 redimendam‚haud
1366 2047 1457 2092 scio,
1468 2061 1515 2085 an
1529 2048 1645 2085 homo

197 2103 321 2154 gravis
341 2110 380 2140 et
409 2110 587 2140 constans
607 2104 707 2142 serio
726 2106 960 2155 persuadere
980 2106 1049 2143 sibi
1077 2107 1198 2157 possit
1215 2121 1224 2145 t
1263 2109 1472 2158 praesertim
1493 2123 1577 2146 cum
1599 2122 1647 2148 ea

199 2178 300 2216 spes,
321 2164 400 2202 sive
426 2165 474 2202 ob
503 2165 742 2215 ingeniorum
770 2166 1009 2213 tenuitatem,
1035 2168 1113 2206 sive
1139 2182 1185 2206 ex
1205 2169 1388 2207 doctrinae
1406 2171 1545 2221 inopia,
1567 2171 1646 2209 sive

198 2233 352 2278 propter
370 2226 576 2264 multorum
595 2227 655 2264 vel
675 2227 877 2277 ignaviam,
907 2229 968 2266 vel
987 2229 1192 2277 fastidium,
1211 2231 1271 2268 vel
1291 2231 1547 2270 maledicendi
1567 2233 1648 2271 libi-

199 2289 342 2334 dinem,
370 2302 450 2326 non
477 2301 621 2340 paucos
648 2289 851 2327 frustretur
878 2303 924 2328 ac
945 2291 1127 2329 deludat:
1164 2299 1208 2329 ut
1227 2306 1276 2330 ne
1297 2293 1434 2340 dicam,
1455 2294 1573 2332 satius
1593 2295 1647 2333 vi-

201 2351 280 2388 deri
300 2351 506 2398 nonnullis,
526 2350 648 2401 iisque
666 2365 742 2389 non
760 2351 1028 2399 hebetissimis,
1051 2360 1116 2391 aut
1140 2353 1400 2404 ignavissimis,
1419 2356 1458 2393 in
1477 2356 1563 2394 vitae
1582 2358 1649 2395 ob-

198 2412 384 2450 scuritate
404 2413 484 2450 sine
507 2412 680 2463 periculo
701 2413 943 2462 delitescere,
973 2427 1087 2465 quam
1111 2422 1187 2453 tam
1216 2416 1391 2467 ancipitis
1420 2417 1513 2455 aleae
1538 2420 1650 2469 jactu

199 2474 460 2521 innotescere,
482 2488 528 2512 ac
545 2475 584 2512 in
614 2488 761 2513 summo
792 2476 869 2513 otio
900 2484 1058 2514 conatus
1091 2477 1249 2516 aliorum
1282 2479 1445 2518 licenter
1476 2493 1647 2528 censere,

198 2548 311 2586 quam
330 2543 438 2574 tanto
457 2536 615 2586 negotio
635 2536 941 2574 malevolentiam
961 2544 1002 2575 et
1020 2537 1260 2589 iniquitatem
1274 2540 1505 2588 judiciorum
1524 2542 1648 2579 infeli-

197 2598 293 2635 citer
313 2597 453 2636 subire.
511 2598 590 2636 Sed
609 2598 718 2636 nimis
736 2599 873 2636 aberro
900 2612 922 2636 a
940 2600 1143 2650 proposito.
1200 2601 1256 2639 Ut
1281 2601 1399 2652 igitur
1418 2603 1467 2641 ad
1483 2616 1563 2641 rem
1584 2617 1649 2642 ve-

200 2658 326 2695 niam:
356 2658 530 2696 Isocrate
559 2660 893 2710 recognoscendo,
919 2659 957 2696 in
985 2660 1096 2709 eujus
1117 2661 1431 2712 interpretatione
1451 2664 1574 2714 prima
1593 2665 1649 2701 in-

200 2719 302 2769 genii
319 2720 392 2757 mei
420 2720 635 2758 rudimenta
654 2721 777 2771 posita
794 2721 961 2767 fuerunt,
983 2721 1068 2772 plus
1086 2722 1279 2772 aliquanto
1299 2724 1478 2761 sudatum
1499 2732 1570 2770 est,
1592 2733 1648 2763 at-

204 2793 276 2830 que
298 2793 415 2830 genus
436 2781 615 2818 orationis
634 2781 688 2819 ita
703 2789 905 2827 mutatum,
926 2789 969 2819 ut
988 2795 1106 2834 prope
1127 2784 1229 2821 aliud
1243 2785 1361 2822 videri
1381 2786 1521 2835 possit:
1544 2785 1648 2835 quod

206 2853 280 2889 qua
300 2841 348 2879 de
367 2854 481 2879 causa
511 2842 727 2892 contigerit,
758 2856 827 2881 suo
846 2844 932 2881 loco
952 2849 1011 2882 est
1030 2857 1052 2881 a
1071 2845 1178 2883 nobis
1207 2846 1430 2896 expositum.
1488 2846 1650 2882 Senten-

208 2901 343 2939 tiarum
363 2903 516 2954 quidem
535 2904 757 2956 integritati,
775 2918 861 2956 quae
877 2918 953 2943 una
971 2905 1135 2945 maxime
1163 2907 1373 2958 spectanda
1394 2914 1451 2944 est
1470 2906 1651 2944 fideli-in:
