1824 3171
529 176 606 212 AD
637 172 1095 211 DEMOSTHENEM.
1451 174 1560 212 cxciii

660 368 829 409 SECT.
865 368 1012 409 XXI.

613 483 672 519 De
697 485 786 519 libro
811 483 1051 519 Wcimarano.

163 584 399 624 INTERDUM
416 585 533 623 affero
549 585 726 637 quaedam
740 598 760 623 e
774 584 872 622 libro
885 583 1146 628 Weimaram,
1161 583 1208 620 de
1226 596 1304 634 quo
1317 583 1407 619 mihi
1428 582 1560 633 paucis

108 645 313 684 dicendum
333 654 522 698 superest.
580 646 896 690 Bartholomaeus,
914 645 964 683 V.
983 645 1028 682 C.
1044 644 1298 682 Bibliothecae
1314 643 1455 689 ducali,
1474 656 1561 694 quae

109 707 315 745 WVeimarae
344 716 411 754 est,
441 708 658 759 praefectus,
687 708 743 744 vir
762 720 945 758 perquam
973 706 1161 744 officiosus
1182 715 1220 744 et
1240 707 1440 752 humanus,
1471 719 1561 744 cum

103 769 310 807 audivisset
335 783 396 808 me
424 770 696 808 DemostheniS
716 769 857 807 edendi
885 768 1034 819 cepisse
1063 769 1279 813 consilium,
1299 769 1400 806 ultro
1421 768 1470 805 ad
1497 781 1559 806 me

102 829 281 868 mittebat
307 845 439 870 mense
459 832 644 870 Januario
665 831 770 868 Anni
792 833 906 871 1766.
939 830 1160 880 exemplum
1189 830 1369 868 editionis
1403 829 1560 866 Aldinae

108 904 157 929 ex
186 892 263 937 illa,
291 893 353 930 cui
380 900 533 944 praeest,
558 893 793 931 bibliotheca
822 891 963 936 ducali,
987 892 1049 929 cui
1080 892 1258 942 exemplo
1279 891 1432 937 Aldino‚
1460 891 1565 941 quod

108 951 197 989 olim
215 966 335 1004 penes
357 955 634 1006 Marquardum
656 954 828 992 Gudium
852 953 937 997 fuit,
968 953 1037 990 sed
1057 966 1079 991 a
1100 954 1146 991 C.
1166 953 1205 991 S.
1225 953 1562 999 Schurzfleischio‚

107 1012 146 1050 id
163 1014 268 1064 quod
287 1028 420 1053 manus
441 1018 523 1066 ejus
542 1023 716 1061 testatur,
737 1015 775 1052 in
791 1013 1062 1052 bibliothecam
1083 1014 1225 1052 ducum
1241 1014 1565 1052 XVeimarensium

106 1073 265 1120 illatum,
288 1076 490 1127 adscriptae
509 1084 616 1114 erant
644 1090 668 1114 a
688 1077 838 1114 duobus
857 1075 1026 1121 diversis,
1048 1075 1170 1113 altero
1191 1076 1419 1126 antiquiore,
1440 1076 1563 1113 altero

100 1135 264 1182 juniore,
296 1136 483 1174 lectiones
516 1137 644 1187 variae,
673 1138 711 1174 in
740 1138 874 1188 quibus
905 1137 1021 1175 etiarn
1053 1137 1248 1173 nonnullae
1282 1145 1370 1174 sunt
1399 1137 1564 1187 vulgatis

108 1196 399 1236 emendatiores.
457 1198 543 1235 Has
573 1198 726 1248 appello
758 1197 1024 1234 [Veimoranmn
1057 1196 1293 1247 simpliciter,
1315 1210 1383 1234 seu
1409 1197 1565 1234 Weima-

105 1269 232 1293 ranam
259 1264 508 1303 correctorem,
524 1258 586 1296 vel
606 1264 864 1296 annotatorem.
920 1257 966 1294 In
987 1257 1062 1295 fine
1082 1258 1193 1306 hujus
1223 1258 1368 1296 codicis
1397 1258 1481 1295 haec
1502 1271 1564 1296 re-

106 1317 189 1368 peri
209 1325 402 1357 annotata.
423 1319 459 1357 I.
480 1321 521 1356 cle
547 1319 678 1357 Valcob
704 1320 860 1356 Venetus
879 1318 938 1356 M.
956 1320 1133 1356 Ianuario
1156 1322 1273 1358 1592.
1295 1321 1426 1356 multas
1445 1321 1479 1358 in
1501 1321 1565 1357 lzoc

105 1380 223 1416 codice
241 1382 364 1417 'varias
383 1382 549 1418 lectiones
568 1382 767 1418 annotavit.
824 1380 935 1418 Idem
956 1382 993 1418 ni
1008 1381 1133 1426 fallor,
1156 1381 1192 1418 in
1212 1381 1341 1419 fronte
1361 1381 1445 1419 libri
1465 1382 1567 1418 hanc

105 1441 394 1492 praescripserat
433 1442 733 1480 admonitionem
764 1442 934 1488 (Illultas
962 1443 999 1478 in
1034 1443 1141 1492 hzgjns
1179 1443 1309 1480 codicis
1342 1443 1567 1492 marginibus

106 1501 272 1539 lectiones
309 1504 430 1539 varias
449 1504 521 1540 sic.
535 1530 565 1541 ..
578 1508 721 1540 notatas
742 1504 871 1549 reperi.
915 1503 1021 1538 Alias
1048 1504 1171 1539 addidi
1190 1517 1232 1540 ea:
1251 1504 1402 1540 alterius
1423 1504 1568 1541 librarii

107 1564 237 1608 codice,
268 1577 356 1613 qna-s
381 1566 434 1600 ε’ΐα
464 1564 608 1613 signavi
628 1565 665 1601 2.
689 1568 730 1599 ut
750 1575 771 1598 α
789 1562 915 1610 primis
935 1564 1244 1611 dignoscerentur.
1302 1565 1345 1601 Si
1364 1578 1468 1613 quam
1500 1578 1567 1602 au-

109 1629 178 1660 tem
198 1625 234 1660 z'n
254 1625 315 1661 hoc
335 1625 453 1662 codice
473 1625 655 1661 lectionem
675 1623 822 1660 similem
842 1623 995 1659 alterius
1015 1624 1145 1660 codicis
1173 1624 1319 1661 lectioni
1347 1623 1478 1669 inveni,
1501 1639 1567 1674 ap-

102 1686 286 1734 posuimus
304 1699 465 1723 mtmeros
487 1688 522 1722 l.
544 1687 582 1722 2.
621 1684 753 1721 Paucae
772 1684 856 1720 item
877 1697 917 1720 ex
938 1684 1048 1720 tertio
1067 1685 1186 1721 codice
1215 1685 1269 1721 ita
1301 1686 1455 1735 signata:
1481 1691 1568 1723 sunt

108 1746 164 1795 3.)
220 1747 321 1784 Haec
341 1747 406 1784 illa
425 1759 560 1784 manus
580 1758 693 1783 nova.
712 1758 798 1796 quae
827 1744 919 1781 mihi
948 1744 1075 1782 omnia
1105 1753 1195 1783 sunt
1221 1746 1384 1784 obscura
1403 1753 1441 1784 et
1461 1747 1569 1784 inex-

107 1807 310 1858 plicabilia.
368 1807 526 1852 Nescio,
549 1807 633 1857 quis
653 1806 716 1844 ille
735 1805 851 1843 fuerit
879 1806 1080 1852 Vale-obius,
1102 1806 1172 1844 nisi
1193 1814 1250 1845 est
1278 1807 1406 1858 potius
1422 1808 1568 1846 Vulco-

107 1869 206 1907 bius.
227 1869 360 1907 nescio
381 1869 445 1920 qui
464 1869 607 1906 fuerint
627 1871 706 1917 ejus
727 1867 896 1912 codices,
915 1880 1010 1917 quos
1030 1868 1198 1906 numeris
1215 1872 1249 1906 1.
1265 1871 1303 1907 2.
1321 1872 1359 1907 3.
1381 1869 1567 1907 distinxit.

109 1930 305 1981 pleraeque
334 1930 601 1968 annotationes
630 1937 740 1967 erant
760 1942 782 1966 e
804 1928 975 1966 secundo
990 1930 1136 1980 petitae.
1158 1944 1244 1980 quae
1264 1943 1351 1968 cum
1372 1930 1568 1982 pleraeque

111 1992 360 2028 convenirent
381 2004 469 2029 cum
489 1991 656 2028 editione
677 1990 787 2028 Pauli
807 1990 988 2035 Manutii,
1012 1991 1108 2043 coepi
1129 1991 1312 2042 suspicari
1333 2005 1398 2029 eas
1419 2005 1439 2028 e
1464 1992 1566 2030 Paua

111 2052 189 2089 lina
212 2053 303 2090 illuc
327 2053 527 2090 translatas
555 2066 650 2091 esse.
712 2052 791 2089 Sed
810 2051 947 2090 falsam
967 2053 1088 2090 fuisse
1114 2054 1214 2091 hanc
1240 2053 1495 2104 suspicionem
1516 2065 1568 2091 ex

113 2126 160 2150 eo
181 2114 309 2159 didici,
330 2114 435 2165 quod
453 2114 646 2151 nonnullae
675 2113 713 2150 in
743 2113 810 2150 illo
840 2113 938 2150 libro
959 2114 1207 2153 Weimarano
1241 2115 1421 2165 leguntur
1451 2115 1567 2154 variae

80 2204 86 2210 .
113 2169 310 2223 lectiones,
332 2190 353 2215 e
373 2176 542 2215 seeundo
563 2182 771 2220 annotatae,
804 2188 889 2226 quae
908 2189 986 2214 non
1005 2184 1161 2215 exstant
1179 2177 1219 2214 in
1234 2177 1406 2215 Paulina.

647 2402 818 2444 SECT.
852 2402 1028 2444 XXII.

607 2509 668 2546 De
696 2511 787 2547 libro
809 2509 1060 2559 Lessingiano.

165 2607 304 2649 Mrsrr
326 2611 375 2649 ad
395 2624 456 2648 me
477 2611 701 2663 Lessingius
718 2611 766 2650 V.
785 2613 832 2651 C.
852 2621 969 2664 poeta
985 2614 1122 2652 nobilis
1143 2611 1411 2660 Germanicus,
1431 2614 1569 2653 fabulis

114 2673 241 2711 multis
262 2674 438 2718 scenicis,
459 2673 701 2717 Laocoonte,
723 2674 882 2725 aliisque
911 2675 1124 2726 insignibus
1152 2675 1296 2727 ingenii
1318 2677 1573 2714 monumentis

115 2733 350 2780 nobilitatus,
371 2735 601 2786 Hamburgo
619 2735 817 2781 Aldinam,
837 2737 897 2774 cui
915 2736 1074 2775 diversae
1094 2750 1229 2776 manus
1246 2738 1368 2776 varias
1388 2738 1572 2776 lectiones

118 2800 158 2830 et
185 2794 332 2833 scholia
349 2795 506 2841 inedita,
529 2810 690 2847 quorum
721 2797 907 2848 pleraque
933 2798 972 2834 in
993 2798 1182 2837 Bavarico
1212 2800 1303 2837 item
1338 2800 1474 2850 reperi,
1505 2798 1573 2836 ad-

117 2855 327 2905 'scripsere3
354 2871 438 2908 quae
454 2872 614 2909 quorum
634 2873 768 2897 manus
787 2860 942 2905 fuerint,
963 2859 1066 2897 haud
1082 2868 1244 2906 constat,
1263 2874 1389 2910 neque
1410 2860 1486 2896 ullo
1504 2872 1572 2909 po·

117 2915 170 2952 tui
186 2916 475 2967 deprehendere
491 2927 556 2959 aut
574 2919 758 2970 colligere
777 2921 932 2959 indicio.
945 2921 1074 2960 similis
1090 2929 1148 2961 est
1162 2922 1228 2961 ille
1247 2922 1342 2960 liber
1355 2921 1572 2967 Pithoeano,

172 2997 269 3024 vor..
300 2999 330 3027 1.
801 2993 826 3028 ‘2
857 2992 875 3026 b
