1824 3171
28 875 78 908 40

525 419 1128 477 ΔΗΜΟΣΘΕΝΟὙΣ

419 563 671 605 ΚΑΤΑ
751 559 1239 605 ΦΙΛΙΠΠΟΎ

662 683 886 729 ΛΟΓΟΣ
938 669 1013 725 Α(

173 849 222 901 οἱ.
260 858 318 901 ΕΙ
345 848 425 920 μὲν
460 847 566 925 περὶ
608 848 758 901 καινοῦ
796 846 911 908 τινός
949 847 1229 924 πράγματος
1262 847 1603 924 veona-[Sena

141 977 412 1003 ΔΗΜΟΣΘΕΝΟΥΣ
471 978 571 1002 ΚΑΤΑ
633 977 813 1001 ΦΙΛΙΠΠΟΎ

98 1020 216 1045 ΛΟΓΟΣ
243 1015 410 1055 ΠΡΩΤΟΣ]
449 1015 540 1051 Quod
576 1013 728 1053 Ulpianus
760 1016 814 1043 ad-

98 1059 245 1097 scriptum
269 1069 338 1088 csse
362 1057 449 1093 dicit,
471 1057 532 1090 δ’λος
559 1057 814 1097 συμβουλευτικός,

99 1101 221 1130 videtur
244 1101 432 1138 grammatici
456 1105 507 1130 aut
524 1100 666 1130 Rhetoris
684 1100 813 1139 alicujus

99 1154 167 1173 esse
183 1144 435 1174 additamentum.
459 1144 583 1173 Wotr.

141 1192 242 1215 KATA
274 1186 470 1225 omumor]
501 1187 556 1215 τοῦ
580 1184 737 1215 Μακεδόνων
759 1183 814 1217 Βα-

99 1227 212 1265 σιλέως,
228 1228 258 1267 ἐξ
273 1225 302 1257 οὗ
318 1227 366 1257 καὶ
389 1228 587 1268 Ὀλυμπιάδος
599 1226 778 1267 Ἀλέξανδξος
801 1227 813 1256 ὁ

99 1270 199 1309 Μέγας
223 1269 354 1309 ἐγεννήθη.
399 1271 516 1300 Harum
542 1270 709 1299 orationum
732 1275 814 1299 tanta

99 1314 157 1343 suit
172 1314 347 1348 celebritas,
362 1318 394 1342 ut
412 1319 442 1343 et
453 1314 499 1343 M.
512 1315 550 1343 T.
563 1314 684 1349 Cicero,
697 1312 813 1352 quasin

100 1356 146 1386 M.
157 1357 320 1386 Antonium
333 1357 447 1391 habuit,
457 1356 569 1386 infelici
582 1361 613 1386 et.
625 1356 769 1395 exemplo
785 1360 816 1385 et

100 1399 302 1434 aemulatione,
331 1399 528 1438 Philippicas,
553 1409 643 1439 quam
667 1399 813 1428 Antonia-

102 1452 155 1470 nas
170 1442 338 1472 inscribere
355 1441 505 1471 maluerit.
534 1442 612 1471 Nam
628 1445 660 1470 et
678 1441 815 1479 Philippi

102 1489 193 1523 atque
213 1483 381 1514 Alexandri
411 1494 573 1513 successor
594 1484 754 1522 Antipater
777 1485 814 1512 ad

102 1537 208 1556 necem
224 1525 372 1565 compulit
384 1526 639 1555 Demosthenem:
665 1531 695 1555 et
706 1526 816 1555 Cicero

103 1569 257 1598 crudelius
268 1569 357 1598 etiam
371 1567 548 1597 interfectus
559 1572 616 1597 est.
639 1569 755 1597 Nostra
766 1579 816 1597 ve-

103 1622 137 1641 ro
149 1617 238 1641 aetate
251 1611 360 1641 Joanni
370 1611 538 1649 Dobenego
551 1611 706 1646 Cochlaeo,
718 1610 817 1639 minus

103 1655 181 1685 male
192 1654 285 1684 cessit
294 1654 439 1683 imitatio:
457 1655 507 1693 qui
520 1653 706 1692 Philippicas
717 1653 815 1682 nonin

103 1707 184 1732 eum,
197 1697 248 1736 qui
263 1696 455 1736 proscribere
469 1701 587 1735 posset,
599 1696 738 1735 scripsit:
763 1696 819 1725 sed

103 1740 134 1770 in
158 1750 239 1776 eum,
256 1739 308 1779 qui
325 1750 362 1769 ne
378 1740 458 1778 stylo
474 1740 609 1778 quidem,
627 1739 737 1768 nedum
755 1739 819 1777 gla-

103 1783 155 1813 dio
168 1783 251 1812 illum
264 1782 473 1813 ulciscendum
487 1792 554 1811 esse
568 1782 698 1812 duxerit.
715 1782 818 1811 IDEM.

146 1831 266 1861 ΛΟΓΟΣ
288 1824 455 1864 ΠΡΩΤΟΣ]
482 1826 592 1854 Utrum
605 1825 738 1854 omnium
757 1826 819 1854 De-

104 1869 358 1898 mostheniearum
378 1868 499 1906 prima?
546 1867 594 1897 An
620 1878 692 1897 vero
716 1878 754 1897 ex
779 1867 818 1896 iis

104 1915 231 1947 tantum,
241 1922 310 1951 quae
324 1911 506 1949 Philippicae
517 1910 746 1940 inscribuntur?
765 1911 818 1940 sed

105 1953 170 1983 haeo
196 1954 233 1983 ab
261 1953 394 1992 Ulpiano
422 1958 574 1992 petantur.
615 1954 694 1983 Nam
720 1958 819 1982 certas

104 1997 316 2036 chronologias
339 1996 471 2025 omnium
496 1995 664 2025 orationum
690 1996 819 2034 proferri

106 2049 164 2068 non
190 2050 281 2078 posse
307 2038 463 2073 existimo,
490 2039 581 2068 etiam
605 2041 658 2068 16.
689 2038 819 2068 Diodori

104 2081 182 2111 libro
207 2081 355 2117 adhibito,
381 2086 508 2120 propter
532 2081 633 2111 varios
658 2086 690 2110 et
716 2080 818 2110 multi-

105 2125 203 2163 plices
214 2125 388 2154 Graecorum
406 2125 567 2159 tumultus,
581 2129 613 2153 et
626 2125 741 2153 minuta
755 2124 819 2153 bel-

104 2167 144 2202 la,
158 2167 325 2206 scriptione
336 2168 464 2197 fortasse
477 2177 584 2206 parum
598 2166 689 2206 digna
705 2165 730 2196 ἓν
741 2177 818 2205 παγ-

103 2207 214 2249 κοσμίῳ
230 2208 348 2250 ἱστορίᾳ.
380 2211 510 2240 Veteres
526 2213 637 2245 autem,
650 2210 818 2249 Ephorum,

103 2252 346 2292 Theopompum,
361 2257 392 2282 et
407 2253 485 2282 alios
499 2252 668 2282 amisimus.
703 2252 818 2291 Philip-

104 2305 163 2334 pus
184 2296 373 2326 Macedoniae
390 2306 515 2335 regnum
533 2295 708 2334 suscepisse
726 2295 819 2325 tradi-

102 2342 152 2367 tur
162 2338 346 2378 Olympiade
358 2340 429 2369 105.
437 2349 504 2377 quae
513 2338 663 2377 (Funccio
678 2337 818 2379 auctore)

103 2381 133 2410 iu
149 2391 257 2411 annum
272 2381 381 2411 Mundi
395 2381 503 2411 incidit
518 2383 615 2412 3608.
659 2382 748 2411 Anno
766 2391 818 2410 au-

105 2428 166 2453 tem
194 2424 304 2454 Mundi
334 2425 431 2455 3965.
464 2434 532 2453 cum
563 2430 649 2453 natus
680 2424 819 2454 tradatur

104 2467 257 2503 Christus,
273 2477 400 2506 regnare
427 2466 521 2506 coepit
545 2466 709 2506 Philippus
733 2466 818 2496 annis

104 2513 174 2539 ante
187 2509 302 2539 Christi
318 2509 555 2540 incarnationem
567 2511 642 2540 357.
665 2508 750 2538 annis
766 2510 817 2539 ab·

104 2551 174 2582 hinc
187 2552 236 2594 (id
253 2557 311 2587 est,
327 2553 364 2582 ab
383 2553 440 2581 hoc
463 2562 541 2582 anno
559 2552 653 2582 1548.
670 2562 730 2591 quo
750 2552 816 2582 haec

105 2594 226 2635 scribo)
241 2595 334 2626 1905.
350 2595 472 2624 occisus
483 2597 534 2625 24.
549 2594 633 2633 regni
645 2604 734 2629 anno,
744 2600 817 2624 aeta-

104 2637 145 2667 tis
160 2639 213 2669 49.
257 2637 342 2668 Bella
358 2648 433 2667 vero
446 2638 483 2667 ab
499 2647 535 2667 eo
551 2642 689 2675 tempore
705 2647 772 2676 quae
787 2644 818 2668 et

104 2684 199 2718 quoto
214 2691 342 2720 quaeque
366 2691 444 2710 anno
468 2681 610 2720 gesserit,
626 2680 818 2719 requirantur

105 2732 145 2752 ex
159 2724 266 2753 eodem
281 2723 431 2757 Funccio,
456 2723 522 2765 (cui
539 2723 664 2763 quidem
681 2723 816 2763 singula-

104 2763 147 2794 ris
170 2770 200 2795 et
215 2766 330 2805 ingenii
345 2771 375 2796 et
399 2765 567 2805 diligentiae
592 2766 657 2796 laus
674 2776 690 2796 a
706 2766 816 2805 pleris-

105 2817 164 2847 que
180 2808 254 2838 viris
269 2807 546 2849 doctisatribnitur)
562 2813 614 2838 aut
636 2809 703 2839 aliis
720 2810 816 2839 Chro-

104 2849 248 2888 nologiis,
259 2861 325 2890 quae
337 2856 449 2891 praeter
461 2852 628 2882 Eusebium
642 2853 816 2891 complures

104 2895 239 2928 exstant,
251 2894 367 2924 ratione
383 2898 553 2934 temporum
571 2905 588 2924 e
606 2894 736 2925 Biblicis
745 2905 816 2925 ora-

103 2934 181 2965 culis
199 2935 328 2966 maxime
343 2937 458 2976 petita:
481 2937 593 2978 quibus
610 2948 707 2978 neque
718 2938 815 2979 AEgy-

848 971 917 1010 ptii,
931 983 1030 1012 neque
1039 972 1188 1006 Chaldaei,
1200 972 1258 1001 etsi
1270 971 1373 1002 nescio
1389 975 1463 1010 quot
1475 981 1562 1001 secu-

848 1015 944 1044 lorum
971 1016 1123 1053 myriadas
1144 1016 1237 1055 (quas
1263 1015 1330 1054 quis
1347 1014 1478 1044 infinitas
1493 1025 1562 1044 esse

849 1059 981 1093 dubitet,
999 1059 1108 1088 Mundi
1129 1058 1298 1088 aetcrnitate
1316 1067 1460 1088 concessa
1471 1057 1498 1097 2.)
1513 1058 1563 1096 ja-

849 1105 975 1137 ctantes,
994 1102 1154 1140 quicquam
1177 1101 1331 1139 antiquius
1356 1101 1564 1130 demonstrare

850 1144 911 1173 ullo
936 1144 1049 1184 scripto
1077 1145 1135 1173 fide
1163 1144 1255 1182 digno
1284 1148 1423 1182 possunt.
1457 1144 1563 1173 IDEM.

850 1186 939 1216 Hanc
989 1188 1154 1216 orationem
1197 1187 1302 1215 habuit
1340 1186 1563 1215 Demosthenes

850 1230 975 1268 Olymp.
991 1230 1093 1259 CVII.
1112 1232 1153 1264 1.,
1169 1233 1218 1258 aet
1237 1227 1449 1259 29.Ru1›1‹;.

893 1272 922 1301 Εἰ
936 1283 990 1311 μεν
1006 1272 1066 1312 περὶ
1082 1273 1171 1301 καινοῦ
1186 1270 1257 1305 τινὸς
1271 1270 1460 1311 πράγματος]
1484 1269 1564 1299 Vide

849 1316 1011 1344 exordium
1026 1315 1171 1344 orationis
1182 1313 1355 1345 AEschine‘e
1374 1319 1479 1343 contra
1494 1311 1566 1342 Cte-

850 1358 1035 1396 siphontem,
1057 1358 1108 1387 ubi
1126 1358 1237 1387 citatur
1260 1357 1381 1386 Solonis
1398 1357 1448 1386 lex
1465 1357 1502 1385 de
1519 1355 1566 1384 di-

851 1401 982 1439 sciplina
998 1406 1149 1430 oratorum
1163 1411 1169 1429 :
1193 1401 1223 1430 in
1240 1410 1328 1438 quam
1341 1410 1469 1438 peccare
1480 1397 1565 1428 vide-

850 1443 940 1473 batur
963 1444 1200 1479 Demosthenes,
1223 1443 1353 1472 nondum
1372 1442 1497 1480 grandis
1513 1450 1566 1469 na-

851 1490 902 1514 tu:
927 1490 958 1515 et
980 1485 1185 1525 praeconium:
1208 1485 1251 1517 τίς
1275 1484 1408 1524 ἀγορεύειν
1430 1483 1566 1517 Βούλεται

851 1530 905 1556 τῶν
921 1527 989 1566 ὑπὲρ
1013 1529 1194 1557 ’τι-πεντήκοντα
1217 1526 1266 1556 ’ἐτη
1291 1527 1450 1564 γεγονότων.
1496 1525 1566 1555 Hac

851 1569 946 1607 igitur
957 1570 995 1598 de
1007 1580 1098 1599 causa
1109 1570 1264 1607 praefatur,
1278 1579 1322 1604 se,
1335 1568 1474 1607 quamvis
1488 1578 1567 1597 nunc

852 1612 970 1650 primus
987 1612 1165 1641 sententiam
1183 1611 1277 1646 dicat,
1293 1622 1350 1641 non
1373 1611 1505 1650 primum
1523 1615 1569 1640 ta-

851 1665 918 1683 men
942 1654 1057 1690 dicere,
1073 1655 1155 1693 quod
1181 1664 1230 1683 res
1252 1664 1330 1683 nova
1353 1664 1412 1683 non
1438 1658 1567 1692 agatur:

854 1697 1005 1736 simulque
1022 1703 1052 1727 et
1069 1698 1171 1726 odium
1189 1697 1359 1735 propulsat,
1375 1702 1405 1725 et
1425 1696 1569 1726 attentio-

853 1750 921 1769 nem
939 1744 1053 1779 captat,
1068 1750 1136 1769 cum
1154 1740 1318 1779 significet,
1331 1750 1363 1768 se
1376 1739 1492 1778 aliquid
1506 1750 1569 1769 me-

853 1782 913 1812 lius
927 1783 1196 1821 caeteris,quorum
1209 1782 1338 1811 consilia
1348 1781 1568 1821 rempublicam

853 1826 926 1855 nihil
949 1826 1100 1864 juverint,
1116 1826 1145 1855 in
1164 1825 1298 1855 medium
1316 1836 1381 1854 esse
1398 1825 1570 1854 allaturum.

853 1868 891 1898 To
920 1868 1005 1898 τοίνυν
1032 1869 1169 1909 προοίμιον
1195 1880 1231 1909 ’τῃ
1262 1866 1327 1907 μὲν,
1351 1867 1395 1897 διὰ
1426 1878 1570 1908 προκατα-

854 1909 968 1949 ληψεως
983 1911 1030 1941 καὶ
1047 1912 1201 1951 διασυρμου
1217 1912 1271 1940 τῶν
1287 1909 1413 1951 πξότερον
1428 1910 1568 1946 εἶπίντων,

853 1952 968 1984 ἐννοϊιιόν·
989 1954 1026 1996 τῇ
1042 1953 1070 1983 δὲ
1086 1965 1171 1994 vrgao-e
1159 1952 1253 1984 εδκτικ
1256 1965 1277 1988 ν,
1298 1952 1370 1993 μετ’
1382 1952 1568 1991 ἐπαγγελίας.

852 1997 972 2027 W'OLF.
1016 1997 1097 2026 Vide
1117 1997 1210 2026 Petit.
1228 1996 1257 2025 in
1277 1997 1351 2034 Leg.
1371 1996 1435 2026 Ait.
1452 2006 1481 2034 p.
1494 1999 1568 2026 200.

854 2040 968 2077 Legem
986 2049 1003 2068 a
1019 2040 1135 2070 Wolfio
1153 2040 1304 2069 laudatam
1322 2039 1460 2068 Doctiss.
1472 2039 1569 2068 Tour-

854 2082 949 2111 rellus
977 2083 1152 2121 abrogatam
1179 2080 1271 2111 fuisse
1302 2081 1388 2118 dicit,
1416 2082 1567 2110 Archonte

854 2125 1027 2164 Glaucippo
1043 2126 1165 2165 Olymp.
1184 2125 1293 2154 XCII.
1310 2134 1377 2154 ann.
1394 2126 1424 2154 3.
1442 2124 1568 2154 rationis

853 2172 952 2197 tamen
964 2173 994 2198 et
1003 2168 1107 2198 decori
1120 2167 1301 2198 auctoritate
1311 2167 1409 2197 adhuc
1420 2166 1567 2206 viguisse.

855 2211 995 2241 Moch.

897 2252 1085 2294 Πςούτίὲετο]
1117 2253 1244 2283 Scilicet
1265 2263 1281 2282 a
1296 2251 1496 2292 PrytanibuS.

853 2297 1030 2326 concionem
1047 2296 1218 2326 advocandi
1231 2297 1283 2335 jus
1300 2295 1462 2330 habebant,
1480 2305 1568 2334 quam

853 2339 912 2368 nisi
928 2340 967 2368 ad
983 2340 1197 2378 praescriptum
1213 2339 1316 2378 legum
1339 2343 1569 2374 convocassent,

853 2381 1014 2411 solvebant
1047 2383 1190 2412 mulctam
1230 2381 1314 2411 mille
1347 2381 1569 2416 drachmarum,

854 2429 1062 2455 consecratam
1081 2425 1241 2455 Minervae.
1287 2425 1366 2454 Ante
1390 2433 1462 2453 vero
1479 2434 1569 2463 quam

853 2468 960 2497 concio
978 2472 1149 2506 cogeretur,
1173 2466 1354 2507 πρόγραμμα
1372 2477 1428 2506 pro
1445 2468 1569 2515 Epony-

852 2521 967 2540 morum
985 2511 1094 2540 statuis
1119 2511 1242 2549 publice
1263 2511 1484 2548 proponebant,
1502 2509 1568 2539 sive

844 2549 983 2583 ‘tabulam
1001 2563 1060 2592 qua
1073 2553 1282 2592 significabant
1294 2553 1333 2582 de
1346 2563 1405 2591 quo
1418 2553 1568 2591 agendum

850 2595 881 2625 in
913 2595 1071 2631 concione,
1101 2606 1222 2635 quoque
1262 2595 1324 2630 die,
1354 2605 1475 2634 quaque
1505 2595 1568 2624 diei

851 2638 935 2668 hora.
967 2638 1039 2668 Vid.
1054 2638 1118 2669 Jul.
1131 2638 1211 2668 Poll.
1225 2637 1279 2667 lib.
1296 2637 1362 2668 viii.
1377 2648 1443 2676 cap.
1462 2638 1504 2667 ix.
1515 2640 1564 2668 94.

851 2686 883 2711 et
903 2680 948 2710 ibi
975 2681 1111 2710 Doctiss.
1156 2682 1260 2711 Kuhn.
1282 2681 1442 2710 Demosth.
1464 2685 1567 2710 contra

851 2724 986 2754 Timocr.
1003 2723 1068 2764 §.n'a
1106 2724 1176 2754 Car.
1203 2724 1308 2763 Sigon.
1335 2726 1386 2753 11.
1418 2724 1457 2753 dc
1490 2725 1566 2761 Rep.

851 2767 961 2797 Athen.
978 2770 1008 2796 4
1033 2767 1137 2797 IDEM.

895 2809 924 2838 Εἰ
947 2808 1108 2861 arpena-(9570
1132 2807 1237 2848 λεγειν]
1262 2809 1291 2838 Ei
1308 2810 1322 2839 ἡ
1343 2807 1470 2847 πρόσοδος
1493 2808 1564 2837 azm-

849 2852 982 2892 γράφετε),
996 2853 1031 2888 ὡς
1048 2850 1208 2892 Ἰσοκράτης
1222 2851 1247 2881 ἔν
1259 2863 1300 2891 τῳ
1314 2849 1564 2901 Ἀρειοωαγιτικᾷῗ.

850 2893 1025 2949 πςοῦτίΘετοΙ,
1040 2895 1159 2925 scilicet
1176 2893 1229 2924 ὑπὸ
1253 2896 1306 2923 τῶν
1327 2891 1491 2932 marafim.
1516 2891 1562 2922 λέ-

849 2949 916 2977 γειν,
929 2937 971 2968 ἵνα
986 2938 1107 2977 λέγωσιν
1123 2938 1144 2968 οἳ
1161 2936 1276 2978 ῥήτορες
1301 2935 1425 2966 Wonr.

1541 2252 1610 2282 Ii-
