1824 3171
408 205 987 253 ΟΛΎΝΘΙΑΚΟΣ
1048 207 1098 248 Β.
1155 197 1261 268 (Α.)

1492 205 1558 253 51

113 351 178 385 νος
181 324 302 417 ’γοὶξ
341 346 482 384 ενεκοι,
519 347 550 373 ω
589 319 674 373 ανδ
669 343 736 390 pec
768 319 1013 384 Ἀθηναιοι,
1050 320 1248 393 νομίζετε
1296 322 1450 373 τοῦτον
1483 347 1562 392 μεν

113 397 282 466 φεύγειν
309 422 381 450 τον
400 397 605 466 πολεμον
633 394 815 454 πάντας
837 392 963 454 ὅσους
988 395 1042 447 ἀν
1068 393 1334 465 εκπέμῷητε
1363 417 1564 489 στρατη-

113 472 238 539 γούς,
267 470 395 530 ἷὸιους
421 468 463 521 ὃ
488 493 696 555 ευξισκειν
722 469 962 540 πολέμους,
992 467 1029 521 εἷ
1055 467 1124 521 δεῖ
1141 494 1185 521 τι
1212 493 1297 521 των
1325 468 1456 521 ὄντων
1485 493 1565 521 και

113 546 209 632 περὶ
251 570 334 596 των
357 568 650 637 στρατηγων
690 543 858 595 εἰπεῖν·
846 585 859 603 ,
899 541 968 595 ‘o'rc
1014 545 1216 596 ἐνταῦθα
1255 544 1334 614 μέν
1369 544 1466 596 ἔστι
1503 542 1568 596 τοὶ

113 619 309 680 ἑῖθλοι,
286 642 391 693 vm?
419 620 473 670 ὠν
499 617 619 670 ἔστιν
645 619 665 668 ὃ
691 617 905 687 πόλεμος,
932 615 1139 693 υμὲτεξοι·
1169 617 1448 688 Αμφιπολις
1482 617 1569 669 κοῖν

115 693 288 762 ληφθῇ,
317 693 609 784 παραχρῆμα
634 689 774 752 αὕτῆν
799 715 923 761 υμεις
949 693 1199 762 κομιεισθε·
1231 692 1269 743 οἶ
1307 689 1350 744 δε
1388 689 1569 744 κίνδυνοι

117 767 202 818 τῶν
229 765 530 829 ἐφεστηκότων
559 764 667 817 idion·
690 765 858 834 poco-Sor
883 763 926 816 δ’
947 789 1026 818 ουκ
1053 765 1188 818 ἔστιν·
1214 764 1306 818 ἐκεῖ
1325 764 1368 818 de
1393 763 1570 817 κινδυνοι

115 864 191 909 μεν
219 839 453 903 ελαττους,
490 839 552 892 τοὶ
581 837 622 891 δὲ
649 837 877 909 λήμματα
904 864 989 892 των
1028 838 1332 904 εφεστηκότων
1368 863 1447 891 nou
1484 863 1570 891 των

119 914 425 989 στρατιωτῶν,
461 911 745 984 Λάμψακος,
777 913 968 980 Σίγειον,
1004 913 1071 965 τοὶ
1106 923 1258 966 πλοῖα
1291 913 1325 965 οἳ
1359 916 1569 966 συλῶσιν.

118 1026 227 1068 imagin
250 1028 364 1067 aliquid
382 1028 525 1058 momenti
547 1028 650 1058 inesse
674 1028 828 1058 existimo.

119 1069 244 1100 Riinrc.

161 1111 236 1146 Τίνος
251 1115 304 1152 γὰρ
323 1110 416 1152 ἕνεκα]
443 1113 620 1143 Notandum
636 1118 694 1149 est,
712 1115 828 1143 Demo-

120 1155 257 1185 sthenem
280 1154 393 1194 ubique
414 1156 586 1192 Charetem,
602 1158 690 1195 cujus
715 1157 828 1195 saepius

118 1198 230 1227 mentio
246 1203 293 1227 est
302 1198 394 1233 facta,
403 1199 441 1228 ab
455 1199 692 1228 incusationibus
705 1199 827 1228 AEschi—

119 1240 166 1269 nis
183 1240 370 1279 aliorumque
385 1242 560 1271 defendere.
587 1242 648 1271 Hic
663 1241 743 1271 enim
759 1242 792 1271 d.
807 1242 827 1270 f.

119 1282 180 1320 leg.
193 1282 218 1321 ς’.
230 1282 282 1313 κδ’.
297 1293 390 1322 quum
405 1285 586 1320 monuisset,
602 1284 685 1313 bello
701 1284 828 1322 Amphi-

119 1325 256 1364 politano
283 1327 392 1356 ducem
418 1328 557 1357 amisisse
582 1327 714 1357 LXXV
736 1327 827 1356 urbes

120 1368 232 1404 socias,
248 1373 278 1398 et
293 1370 429 1399 CXXX
447 1380 550 1404 naves,
566 1369 652 1399 addit
665 1369 742 1399 ruat
757 1370 828 1399 ταῦ-

120 1421 161 1439 τοι
185 1411 251 1450 ὑμῖν
271 1410 297 1442 ἓν
320 1413 379 1445 τοῖς
403 1414 509 1450 ἀγῶσιν
530 1412 573 1442 ἀεὶ
597 1414 647 1442 τοῦ
662 1412 786 1452 Χάρητος
807 1413 828 1441 οἱ

121 1453 267 1494 κατήγοροι
282 1453 439 1484 δεικνύουσι.
464 1457 577 1485 Contra
590 1455 679 1483 Dent.
691 1455 723 1483 d.
735 1455 756 1483 f.
768 1455 829 1492 leg.

121 1495 228 1535 §.first
245 1496 335 1535 Χάρης
351 1496 526 1535 εὑρεθήσεται
546 1499 660 1529 πιστῶς
680 1495 728 1525 καὶ
750 1496 838 1525 ειίνοΐ-Γ

121 1539 177 1571 κιῖις
187 1556 230 1560 --
243 1538 376 1578 πςάττων
391 1537 460 1577 ὑπὲξ
476 1539 562 1578 ὑμῶν.
594 1538 695 1567 Multa
710 1548 830 1577 quoque

123 1590 240 1616 eorum,
255 1591 322 1619 quae
339 1580 390 1610 hic
405 1581 492 1617 dicit,
507 1581 615 1612 eodem
630 1586 768 1620 spectare
785 1581 831 1611 vi-

123 1624 247 1653 dentur,
268 1624 375 1653 IDEM·

166 1667 316 1695 Τοῦτον-
325 1664 369 1696 τόν
383 1664 522 1705 πόλεμον]
536 1664 588 1695 Τόν
603 1663 669 1705 πςός
682 1664 831 1695 Φίλιππον.

124 1709 247 1739 Wom.

167 1751 268 1780 Τοῦτον
294 1750 349 1789 μὲν
374 1749 480 1789 φεύγειν
506 1748 636 1790 εὑρίσκειν
663 1748 831 1790 πολέμους]

125 1793 240 1823 Chares
256 1794 354 1832 primo
364 1803 440 1822 anno
453 1792 649 1832 Olympiadis
660 1794 834 1822 centesimae

126 1841 230 1871 sextae,
240 1841 274 1865 nt
290 1835 443 1874 stipendia
456 1836 606 1865 militibus
619 1845 746 1875 erogare
761 1846 835 1874 pos-

127 1882 185 1913 set,
209 1878 373 1914 Artabazo,
392 1878 500 1908 rebelli
524 1878 610 1908 Asiae
629 1878 761 1908 minoris
780 1879 834 1908 Sa-

126 1925 233 1959 trapae,
247 1932 340 1959 quum
363 1925 461 1950 tamen
481 1922 538 1950 hoc
562 1921 606 1950 illi
630 1921 660 1950 in
684 1921 834 1951 mandatis

127 1963 208 1994 haud
223 1970 317 1999 esset,
333 1963 443 1992 auxilio
459 1963 534 1993 ivit:
551 1969 582 1993 et
597 1964 635 1993 ab
651 1974 687 1994 eo
698 1964 834 2002 pecuniae

128 2016 276 2036 summam
295 2005 428 2044 accepit,
444 2016 510 2044 quae
526 2007 562 2035 ad
581 2007 656 2035 hanc
674 2016 736 2036 rem
754 2006 836 2035 suffi-

129 2052 226 2078 ceret.
254 2048 384 2078 Diodor.
411 2048 432 2077 l.
462 2049 556 2077 XVI.
583 2048 727 2078 Tourrell.
772 2049 835 2077 Pro

129 2092 282 2120 Artabazo
297 2091 404 2121 debuit
417 2090 521 2120 dicere
533 2091 739 2120 Pharnabazo.
755 2091 836 2120 Vide

130 2134 231 2164 Notas
249 2144 340 2173 supra
356 2133 438 2163 Phil.
455 2134 483 2162 Ι.
502 2133 527 2172 §.
544 2133 584 2163 θ’.
610 2135 754 2164 Μουκτ.

173 2177 274 2206 Τοῦτον
288 2188 326 2216 μ.
342 2174 649 2217 φῶν-πολέμους]
674 2177 745 2206 Hoc
760 2177 838 2206 refe-

129 2220 258 2248 rendum
281 2223 329 2249 est
349 2220 388 2249 ad
412 2219 528 2248 bellum
543 2219 837 2258 Ampffipolitanum,

130 2262 213 2300 quod
246 2262 379 2300 primum
409 2262 558 2300 Iphicrati
589 2262 839 2297 demandabatur,

131 2304 195 2343 qui,
211 2305 352 2343 quamvis
367 2304 531 2334 honoribus
547 2305 583 2334 ab
598 2305 837 2334 Atheniensibus

131 2351 269 2383 ornatus,
283 2358 347 2377 rem
371 2348 498 2386 patriam
516 2347 664 2377 deseruit.
702 2349 792 2377 Dem.
808 2348 838 2377 in

131 2389 279 2419 Aristocr.
295 2392 368 2420 663.
386 2392 436 2419 14.
453 2391 501 2419 ed.
524 2390 564 2419 R.
601 2390 764 2430 Imperium
787 2391 837 2420 Ol.

132 2435 207 2463 104.
223 2436 253 2462 1.
274 2432 323 2462 illi
344 2433 519 2471 abrogatum
542 2433 720 2463 tradebatur
734 2434 838 2463 Timo-

131 2475 224 2513 theo;
246 2475 459 2509 Charidemus,
474 2485 562 2513 quem
578 2476 628 2505 hic
645 2477 759 2506 socium
777 2476 837 2506 ele-

133 2522 231 2556 gerat,
246 2518 285 2547 ad
301 2518 412 2556 Cotyn,
424 2518 561 2547 Thraciae
573 2528 688 2557 regern,
704 2529 773 2548 cum
787 2530 839 2549 na-

132 2560 224 2590 vibus
238 2560 469 2590 Atheniensium
485 2561 724 2590 transiit..Dem.
741 2562 761 2591 l.
775 2562 797 2591 l.
809 2573 837 2591 v.

134 2604 185 2633 28.
213 2604 264 2633 Ex
279 2603 347 2633 loco
363 2602 501 2633 AEschin.
521 2608 615 2642 patet,
632 2604 739 2633 eodem
759 2605 839 2634 bello

133 2645 212 2677 male
227 2656 290 2675 rem
308 2646 445 2684 gessisse
465 2646 635 2682 Charetem,
653 2647 704 2685 qui
726 2646 839 2687 (Diod.

125 2688 167 2718 VS.
184 2689 260 2718 XV.
276 2687 345 2727 95)
366 2690 513 2719 adversus
531 2689 634 2720 socios
658 2689 771 2719 missus
788 2690 839 2719 Ol.

134 2732 210 2765 106,
228 2735 258 2761 1.
281 2741 350 2761 cum
375 2733 528 2768 Artabazo
551 2743 584 2762 se
605 2732 762 2771 conjunxit
784 2732 840 2773 (ad

136 2772 217 2801 Phil.
233 2774 261 2802 Ι.
278 2773 336 2813 §.⁷3
341 2773 366 2814 .)
383 2780 414 2804 et
435 2776 593 2815 proprium
614 2775 753 2814 suscepit
774 2775 840 2805 bel-

135 2815 210 2844 lum.
234 2787 355 2846 Deinde
377 2818 479 2854 etiam,
502 2819 610 2848 eodem
632 2818 771 2848 AEschin.
787 2828 840 2848 au-

136 2862 234 2892 ctore,
249 2858 318 2889 aliis
333 2861 464 2892 ducibus
477 2862 534 2891 hoe
550 2862 663 2891 bellum
679 2862 841 2892 demanda-

137 2904 214 2934 tum,
238 2900 380 2937 Diiareti,
401 2904 545 2943 Diipyro,
568 2904 768 2942 Polyphonti,
789 2904 842 2943 qui

136 2943 257 2980 κατῆγον
270 2945 311 2973 τὸ,
326 2947 422 2975 πλοῖα
439 2947 488 2976 καὶ
503 2948 568 2980 τοὺς
581 2945 720 2980 ’Έλληνας
739 2946 770 2976 ἐκ.
793 2949 830 2977 τῆ
832 2959 844 2981 ς

136 2986 222 3019 κοινῆς
247 2985 420 3025 θαλάττηςς
448 2990 534 3028 quod
556 2990 669 3029 ipsum,
691 2991 843 3020 Lucches.

864 1032 1019 1064 monente,
1050 1028 1102 1058 01.
1129 1029 1204 1063 106,
1229 1031 1261 1059 4.
1291 1027 1406 1058 fuctum
1436 1027 1572 1057 videtur.

866 1070 994 1102 Riinrc.

907 1120 942 1144 Τι
961 1116 1016 1144 τῶν
1034 1112 1132 1152 ὄντων]
1155 1113 1268 1143 Veram
1284 1113 1433 1142 rationem
1448 1113 1574 1152 exposi-

863 1160 951 1186 turus
973 1162 1031 1192 est,
1052 1167 1142 1195 quum
1167 1156 1369 1186 Athenienses
1395 1157 1574 1195 plerumque

863 1199 1064 1238 imperatores
1078 1198 1110 1228 in
1128 1199 1249 1237 culpam
1264 1203 1421 1228 vocarent.
1444 1200 1550 1229 IDEM.

904 1244 966 1271 Τῶν
991 1240 1200 1282 ἐφεστηκότων]
1232 1242 1297 1275 Τοῖς
1322 1241 1496 1281 πράγμασι·
1519 1243 1575 1270 τῶν

863 1287 1041 1324 στρατηγῶν.
1065 1286 1186 1315 Wotr.

906 1325 1019 1361 Μισθὸς
1039 1325 1061 1356 δ’
1075 1327 1123 1356 οὐκ
1137 1326 1219 1366 ἔστι]
1244 1327 1353 1356 Potest
1374 1326 1506 1365 intelligi
1523 1326 1574 1355 vel

864 1370 903 1399 de
922 1369 1154 1399 Atheniensium
1171 1369 1366 1409 negligentia,
1387 1369 1439 1407 qui
1459 1369 1574 1409 stipen-

864 1412 916 1442 dia
934 1423 992 1442 non
1008 1413 1140 1447 mittant,
1158 1413 1205 1442 vel
1224 1412 1322 1452 (quod
1343 1411 1438 1451 magis
1462 1411 1576 1450 probo)

864 1455 904 1482 de
919 1455 1049 1484 ducibus
1065 1460 1107 1485 et·
1118 1455 1278 1490 militibus,
1295 1455 1346 1493 qni
1363 1465 1421 1484 non
1438 1455 1574 1485 contenti

867 1496 1182 1535 stipendiis,praedam
1194 1498 1284 1526 etiarn
1294 1497 1482 1526 desiderent.
1498 1497 1577 1526 Post

866 1538 950 1568 dicet
964 1550 970 1567 :
996 1538 1128 1568 ἀδύνατον
1144 1539 1166 1568 δ’
1181 1539 1276 1579 ἄρχειν
1291 1538 1436 1578 ἀμίσθων.
1453 1539 1559 1571 Imm.

909 1579 981 1610 Κίνδ.
1005 1579 1128 1621 ἑλάνη]
1159 1582 1237 1611 Nam
1258 1582 1399 1617 aliorum,
1418 1592 1440 1611 a
1460 1583 1574 1620 quibus

867 1622 1072 1653 sollicitantur
1098 1624 1310 1663 imperatores,
1336 1624 1454 1654 auxilio
1481 1625 1576 1655 susti-

866 1671 985 1696 nentur.
1007 1665 1132 1696 Riimo.

910 1708 1084 1748 Λήμματιι]
1102 1710 1129 1738 1.
1145 1720 1172 1739 e.
1191 1709 1263 1748 δῶρα
1278 1707 1292 1739 ἢ
1309 1708 1527 1750 λαμβανόμενα,
1544 1710 1577 1740 d.

867 1750 977 1780 Chers.
987 1753 1040 1782 96.
1049 1755 1100 1781 11.
1111 1752 1160 1782 ed.
1171 1752 1212 1781 R.
1236 1752 1292 1782 hac
1304 1761 1382 1781 voce
1397 1752 1577 1791 largitiones

867 1794 1180 1832 comprehenduntur.
1203 1794 1314 1833 quibus
1344 1794 1414 1833 quis
1439 1805 1576 1825 corrum-

867 1836 960 1874 pitur.
984 1836 1058 1867 Vid.
1076 1837 1188 1867 Orvill.
1205 1837 1242 1866 ad
1259 1838 1350 1867 Char.
1365 1837 1440 1868 252.
1471 1839 1577 1877 Oppo-

867 1878 950 1908 nitur
961 1879 1026 1908 baeo
1038 1880 1097 1913 τοῖς
1113 1878 1217 1916 ἄθλοις,
1228 1890 1295 1919 quae
1310 1885 1343 1909 ut
1354 1880 1423 1918 quis
1433 1881 1577 1920 accipiat,

869 1932 985 1952 summa
1000 1932 1078 1960 opus
1095 1929 1144 1952 est
1159 1923 1363 1953 contentione.
1387 1924 1493 1953 IDEM.

910 1963 1087 2004 Λάμψακος,
1113 1964 1229 2006 Σίγειον]
1264 1966 1434 1996 Artabazus
1458 1967 1577 1996 duabus

867 2007 952 2045 regni
971 2006 1019 2036 sui
1031 2008 1158 2037 urbibus
1173 2009 1313 2038 Charetis
1324 2008 1422 2037 officia
1437 2018 1578 2038 remune-

867 2055 952 2079 ratus
969 2054 1026 2079 est.
1063 2051 1234 2090 Lampsaco
1249 2051 1332 2080 Asiae
1348 2050 1473 2082 minoris
1488 2052 1578 2088 urbe,

869 2102 957 2131 quam
973 2092 1165 2122 Artaxerxes
1181 2094 1386 2132 Longimanus
1402 2093 1578 2123 Themisto-

870 2135 910 2164 cli
924 2135 1060 2169 donarat,
1077 2135 1158 2165 unde
1171 2132 1274 2165 vinum
1291 2140 1443 2165 sumeret:
1465 2136 1578 2176 [Corn.

870 2178 952 2216 Nep.
969 2177 999 2206 in
1013 2177 1158 2207 Thernist.
1170 2179 1271 2208 Strab.
1284 2179 1305 2208 1.
1322 2179 1422 2208 XIII.
1438 2178 1578 2218 Thucyd.

871 2220 891 2249 l.
915 2220 960 2261 l.]
982 2230 1017 2249 ac
1041 2220 1144 2258 Sigen,
1163 2221 1229 2251 aliae
1248 2222 1330 2251 Asiae
1352 2221 1481 2251 minoris
1501 2223 1577 2252 urbe

870 2263 903 2292 in
918 2263 1051 2292 Troade.
1078 2264 1162 2299 Illic,
1179 2264 1204 2293 si
1226 2264 1368 2294 Ciceroni
1392 2269 1483 2304 atque
1507 2265 1576 2295 aliis

871 2306 946 2335 fides
978 2306 1117 2336 habenda
1146 2307 1196 2341 sit,
1227 2308 1402 2337 Alexander
1433 2318 1502 2337 cum
1539 2308 1578 2337 ad

871 2348 1003 2378 Achillis
1018 2349 1164 2379 tumulum
1182 2350 1355 2379 adstitisset
1369 2350 1555 2380 exclamavit
1571 2361 1578 2380 :

872 2396 879 2408 ‘
894 2392 920 2420 Ο
938 2393 1087 2421 fortunate
1103 2392 1294 2429 adolescens,
1309 2393 1360 2432 qui
1376 2397 1437 2422 tuae
1453 2393 1579 2423 virtutis

871 2435 1041 2464 Homerum
1054 2445 1227 2473 praeconem
1238 2436 1391 2465 inveneris
1402 2435 1420 2464 Γ
1434 2436 1475 2465 Et
1489 2446 1579 2465 vere:

873 2478 985 2506 Orator
1002 2478 1157 2507 Romanus
1178 2479 1281 2508 addit:
1307 2483 1314 2496 ‘
1328 2480 1407 2508 Nam
1423 2478 1483 2508 nisi
1507 2479 1578 2509 {lias

870 2519 926 2549 illa
939 2520 1125 2556 exstitisset,
1140 2521 1221 2550 idem
1236 2521 1381 2556 tumulus,
1397 2521 1449 2560 qui
1465 2531 1579 2560 corpus

872 2564 938 2601 ejus
954 2568 1146 2599 contexerat,
1160 2574 1270 2594 nomen
1291 2563 1383 2594 etiam
1401 2563 1580 2594 obruisset?

872 2606 895 2634 l.
911 2615 941 2635 v.
959 2616 1008 2644 ep.
1021 2608 1072 2636 12.
1090 2607 1128 2636 ad
1141 2607 1228 2637 Fam.
1246 2607 1366 2647 [Locus
1382 2611 1431 2636 est
1445 2606 1478 2636 in
1489 2608 1578 2637 Orat.

871 2658 928 2687 pro
943 2648 1056 2678 Archia
1071 2649 1194 2689 Poeta.]
1215 2649 1338 2680 Solinus
1353 2654 1466 2685 tamen,
1481 2650 1579 2685 Mela,

872 2695 904 2720 et
919 2690 1052 2726 Plinius,
1064 2691 1191 2721 Achillis
1202 2693 1352 2722 tumulum
1363 2692 1437 2722 alibi
1452 2695 1577 2732 ponunt.

876 2732 1020 2763 Tourrell.
1043 2733 1188 2764 Momm

915 2774 1276 2818 Λάμψακος-συλῶσιν]
1294 2779 1494 2816 Lampsacus,
1505 2776 1577 2804 urbs

872 2819 955 2848 Asiae
971 2819 1098 2849 minoris
1116 2821 1204 2858 juxta
1218 2820 1440 2860 Propontidem
1456 2820 1495 2848 ob
1511 2816 1578 2847 vini

866 2862 1088 2892 >abundantiam
1103 2863 1314 2900 celeberrima,
1325 2863 1397 2893 inde
1411 2863 1447 2891 ab
1459 2861 1510 2890 Ol.
1526 2862 1578 2889 98

875 2907 906 2935 2.
935 2904 1099 2936 Persarum
1121 2906 1191 2936 suit.
1215 2907 1254 2935 cf.
1276 2906 1383 2953 Steplr.
1407 2905 1484 2940 Byz.
1506 2912 1530 2931 s.
1547 2903 1577 2931 h.

876 2958 906 2977 v.
935 2948 1074 2986 Sigeum,
1099 2949 1338 2997 promontorium
1366 2947 1395 2974 in
1423 2943 1580 2984 Phrygia3

876 2994 1004 3030 uterque
1024 2991 1141 3021 locus
1132 3002 1163 3020 ιιι
1185 2991 1338 3024 Artabazi,
1354 2989 1489 3027 Satrapae
1506 2988 1582 3016 Per-
