1824 3171
559 160 637 201 AD
667 160 829 202 SUUM
855 161 1317 203 DEMOSTHENEM.
1583 165 1652 201 xix

203 279 310 314 xere,
324 266 378 305 ita
393 265 494 305 enim
511 266 709 319 appellant
723 276 854 306 omnes
869 279 948 314 eos,
962 265 1026 319 qui
1045 266 1189 305 cultum
1205 264 1385 305 orationis
1405 272 1444 304 et
1461 264 1650 305 lenocinia

202 342 278 367 non
291 335 583 379 persequuntur,
594 328 687 368 licet
700 328 867 367 veritatis
886 327 1116 367 subtilissimi
1133 335 1171 366 et
1185 326 1389 365 acutissimi
1402 326 1647 376 indagatores

199 390 338 440 alioqui
364 389 448 427 sint.
470 397 513 428 ut
539 390 570 428 si
590 391 744 442 quando
773 391 810 428 in
835 390 1092 429 sanctissimos
1121 390 1324 440 theologos
1348 396 1387 426 et
1411 388 1647 428 doctissimos

199 451 445 503 philosophos
464 452 646 499 incidant,
669 466 736 491 eos
766 452 920 491 omnino
946 452 1188 497 abhorreant,
1211 458 1250 489 et
1269 451 1375 501 quasi
1395 450 1540 488 inculto
1571 462 1650 487 ser-

200 525 314 550 mone
331 513 423 550 nihil
441 527 532 552 vere
552 521 590 552 et
616 522 721 553 recte
748 514 929 566 explicari
958 513 1139 565 potuerit,
1161 513 1229 551 sed
1249 513 1376 550 omnia
1404 524 1582 563 perversa
1609 518 1648 548 et

197 575 298 612 salsa
317 575 390 613 dici
412 589 571 614 necesse
589 577 649 622 sit,
667 577 795 615 statim
811 576 998 625 rejiciunt,
1020 589 1066 614 ac
1088 576 1283 613 damnant.
1305 587 1429 624 neque
1450 573 1594 617 vident,
1619 573 1650 609 si

195 635 330 673 formae
351 636 608 687 eloquentiam
629 651 849 687 comparare
869 637 1109 681 voluerimus,
1131 636 1398 673 statuariorum
1427 633 1649 683 exemplum

199 696 353 733 minime
380 697 442 732 hic
461 709 546 733 esse
566 698 911 734 accommodatum.
932 698 1070 746 quippe
1089 708 1206 746 quum
1231 695 1392 731 materia
1412 695 1650 732 extrinsecus

198 755 333 795 artifici
347 756 438 794 huic
459 756 737 807 suppeditetur,
753 756 914 807 scriptor
934 757 1015 807 ipse
1035 757 1106 794 sibi
1122 769 1206 794 eam
1224 756 1449 807 plerumque
1464 756 1594 804 faciat,
1611 762 1651 794 et

196 817 356 856 materIa
373 817 506 855 artifici
525 825 684 869 propter
701 818 863 856 formam
879 818 1119 864 exhibeatur,
1133 818 1172 855 in
1188 830 1313 855 rerum
1333 817 1591 868 explicatione
1611 824 1651 854 et

198 878 468 917 dissertatione
483 879 607 917 forma
626 880 674 918 ob
695 880 893 918 materiam
914 879 1175 918 illustrandam
1195 886 1235 918 et
1252 879 1561 930 patefaciendam
1582 879 1649 916 ad-

197 941 389 988 hibeatur,
408 950 450 980 ut
465 942 659 988 videlicet,
681 942 792 993 quod·
801 942 926 980 animo
946 941 1209 993 concepimus,
1222 941 1262 978 id
1281 939 1498 991 eloquendo
1518 939 1572 977 ita
1588 952 1651 977 ex-

196 1004 414 1055 primamus,
434 1010 477 1041 ut
496 1004 605 1042 alteri
620 1004 850 1043 innotescat.
906 1004 1101 1047 Quocirca
1118 1005 1148 1042 si
1164 1002 1280 1041 modo
1298 1002 1429 1040 facere
1447 1001 1487 1038 id
1501 1000 1649 1046 volunt,

198 1065 314 1117 longe
344 1065 540 1103 meliorem
570 1073 608 1103 et
637 1066 1025 1104 accommodatiorem
1053 1064 1205 1102 veritati
1234 1063 1558 1114 comparationem
1586 1075 1650 1099 su-

195 1139 301 1164 mere
317 1139 340 1163 a
351 1126 514 1163 nummis
529 1133 701 1177 possent,
712 1126 848 1177 quibus
860 1126 983 1164 forma
998 1126 1167 1163 materiae
1183 1137 1299 1163 causa
1313 1123 1475 1174 imprimi
1488 1135 1650 1160 consue-

196 1187 263 1233 vit,
285 1201 361 1239 quo
380 1187 489 1238 signo
508 1187 565 1238 fit,
585 1195 629 1225 ut
648 1187 738 1238 quid
758 1194 796 1225 et
814 1187 944 1238 quanti
964 1187 1089 1224 valeat
1106 1185 1277 1231 materia,
1299 1191 1582 1235 cognoscentes
1603 1195 1650 1220 ea

195 1249 247 1286 ad.
275 1248 510 1287 necessarias
542 1262 603 1287 res
631 1248 685 1286 uti
712 1248 828 1287 facile
853 1248 1055 1300 possimus.
1110 1247 1185 1290 Qui
1214 1247 1332 1298 igitur
1361 1259 1557 1283 nummum
1587 1245 1650 1282 vel

196 1310 432 1361 plumbeum,
452 1310 513 1348 vel
530 1310 671 1361 alioqui
688 1310 954 1355 adulterinum,
969 1309 1039 1348 sibi
1056 1322 1185 1347 carum
1200 1315 1403 1359 propterea
1417 1307 1547 1351 habet,
1562 1305 1650 1356 quia

196 1371 349 1422 signum
369 1371 407 1408 in
427 1384 474 1409 eo
490 1372 692 1410 artificiose
711 1372 856 1410 factum
876 1372 1092 1416 admiratur,
1114 1384 1240 1422 neque
1261 1383 1361 1415 eum,
1384 1369 1456 1407 etsi
1482 1368 1649 1406 maxime

195 1432 388 1483 legitimus
404 1433 464 1479 sit,
484 1433 727 1484 maximeque
742 1434 823 1485 ipse
838 1434 1022 1485 indigeat,
1042 1433 1093 1471 ad
1109 1433 1198 1471 vitae
1213 1445 1301 1469 usus
1321 1431 1542 1482 impendere
1554 1430 1648 1476 vult,

196 1494 228 1532 is
248 1507 402 1531 nummo
421 1495 598 1540 abutitur,
625 1495 906 1546 utilitatemque
933 1498 1025 1544 ejus,
1047 1495 1096 1532 ob
1114 1507 1227 1545 quam
1252 1493 1401 1544 signum
1421 1492 1472 1528 illi
1490 1491 1652 1529 inditum

198 1562 269 1601 est,
285 1555 430 1592 nullum
446 1555 625 1607 percipit.
682 1557 739 1594 At
754 1557 863 1594 nobis
883 1557 936 1594 ita
953 1555 1174 1594 faciendum
1193 1567 1270 1592 non
1291 1561 1361 1599 est,
1380 1552 1448 1591 sed
1465 1552 1565 1590 sicut
1584 1551 1651 1602 qui

177 1656 179 1658 ,
196 1617 257 1654 vel
282 1617 512 1663 necessaria,
532 1617 593 1655 vel
624 1617 783 1664 divitias,
815 1619 885 1656 sibi
909 1631 1133 1669 comparare
1158 1617 1250 1662 vult,
1283 1629 1414 1653 omnes
1444 1615 1502 1652 vel
1533 1626 1649 1665 quam

196 1678 361 1731 pessime
387 1678 556 1729 signatos
585 1692 772 1726 nummos,
792 1680 907 1718 modo
931 1679 1021 1717 boni
1048 1679 1133 1724 sint,
1157 1692 1234 1715 non
1259 1684 1412 1715 veretur
1431 1676 1650 1714 admittere.

198 1739 264 1778 Sic
283 1753 365 1784 nos,
387 1741 451 1790 qui
477 1740 732 1791 intelligentia
758 1742 987 1793 indigemuS,
1019 1740 1262 1778 committere
1290 1753 1366 1776 non
1393 1739 1590 1783 debemus,
1610 1743 1652 1774 ut

194 1800 257 1838 vel
275 1801 438 1838 barbare
459 1800 666 1837 admodum
693 1803 852 1852 scriptos
881 1802 1009 1846 libros,
1032 1800 1063 1837 si
1082 1802 1270 1837 bonarum
1297 1813 1424 1838 rerum
1449 1798 1649 1839 scientiam

194 1862 458 1913 polliceantur,
476 1860 555 1898 ullo
574 1861 690 1899 modo
709 1862 980 1912 repudiandos,
996 1862 1058 1900 vel
1078 1874 1192 1913 quam
1212 1861 1478 1899 dissertissime
1493 1873 1650 1911 compo-

180 1924 300 1970 sitos,
314 1923 344 1962 si
358 1923 407 1961 de
425 1922 623 1960 inutilibus
644 1930 684 1960 et
695 1923 800 1961 vanis
813 1924 926 1961 rebus
945 1930 1123 1968 tractant,
1137 1923 1264 1973 magni
1281 1923 1478 1961 faciendos
1493 1935 1651 1960 censea-

194 1998 291 2031 mus,
313 1985 404 2036 quin
433 1985 561 2032 etiam,
582 1985 612 2023 si
632 1986 681 2023 de
711 1986 818 2023 seriis
839 1993 879 2023 et
897 1985 1052 2023 utilibus
1074 1985 1243 2023 maxime
1263 1984 1467 2030 disserant,
1494 1998 1570 2022 non
1590 1992 1648 2021 te-

196 2060 300 2084 mere
326 2047 585 2086 admittendos
604 2055 794 2098 putemus,
814 2060 876 2092 ne,
898 2047 1222 2097 quemadmodum
1245 2047 1394 2083 illorum
1415 2046 1546 2084 oculos
1572 2058 1652 2082 mo-

197 2114 298 2157 netae
314 2109 435 2146 forma
453 2108 506 2146 ita
523 2109 830 2160 praestringebat,
849 2115 891 2145 ut
909 2108 964 2145 uti
985 2121 1031 2146 ea
1052 2108 1091 2145 in
1114 2107 1352 2146 necessarios
1372 2108 1486 2145 etiam
1501 2114 1649 2145 sumtus

196 2183 274 2208 non
301 2177 537 2220 paterentur,
566 2170 622 2208 sic
651 2171 818 2208 animum
846 2176 1018 2206 nostrum
1042 2176 1199 2206 ornatus
1229 2168 1407 2207 orationis
1437 2176 1475 2206 et
1494 2168 1651 2206 dicendi

197 2230 391 2281 elegantia
421 2231 658 2268 extrinsecus
687 2231 786 2268 adeo
818 2236 1046 2280 occupatum
1072 2229 1257 2276 detineat,
1287 2236 1329 2267 ut
1355 2230 1404 2267 ad
1430 2242 1541 2267 sensa
1567 2229 1650 2279 ipsa

197 2291 477 2330 consideranda
496 2299 701 2344 penetrare
719 2305 797 2329 non
816 2291 927 2329 sinat.
965 2290 1067 2328 Nam
1086 2290 1117 2329 si
1136 2290 1324 2341 neglectis
1344 2291 1471 2336 rebus,
1491 2290 1531 2327 id
1545 2290 1650 2340 quod

196 2352 371 2398 facimus,
393 2366 469 2390 non
500 2360 604 2401 tam,
620 2366 708 2391 cum
736 2365 801 2390 eas
821 2364 979 2403 prorsus
1000 2364 1080 2389 non
1101 2351 1293 2397 discimus,
1324 2365 1439 2402 quam
1458 2364 1545 2388 cum
1570 2364 1650 2388 non

198 2415 247 2455 ab
262 2414 306 2451 iis
325 2414 519 2460 discimus,
536 2414 600 2464 qui
620 2427 684 2452 eas
703 2414 859 2459 docent,
881 2413 951 2451 sed
969 2414 1016 2451 ab
1036 2413 1092 2459 iis,
1114 2413 1179 2464 qui
1194 2426 1258 2451 eas
1277 2413 1543 2450 tantummodo
1569 2412 1650 2450 elo-

196 2482 376 2527 quuntur,
403 2476 568 2523 sermoni
588 2475 806 2514 excolendo
826 2487 963 2513 vacare
991 2474 1235 2520 voluerimus,
1261 2474 1472 2512 verendum
1492 2481 1563 2519 est,
1584 2486 1648 2519 ne,

197 2537 290 2575 dum
318 2537 357 2573 in
386 2550 432 2575 ea
459 2550 501 2574 re
529 2537 677 2575 caeteris
705 2536 920 2574 hominibus
944 2543 1128 2587 praestare
1157 2548 1354 2582 conamur,
1383 2548 1460 2586 qua
1479 2534 1648 2572 homines

199 2598 320 2636 brutis
345 2598 580 2636 antecellere
601 2598 804 2648 credimus,
824 2597 921 2649 picis
950 2604 989 2635 et
1015 2597 1187 2648 psittacis
1210 2597 1409 2635 similiores
1429 2597 1648 2634 evadamus.

203 2660 244 2698 Si
274 2666 382 2698 recte
411 2660 566 2710 quidem
595 2660 758 2701 fortasse
785 2660 835 2698 ad
860 2659 1107 2697 imitationem
1135 2659 1348 2710 loquamur,
1370 2659 1474 2710 quod
1500 2658 1647 2695 ratione

201 2721 419 2760 carentibus
445 2721 558 2759 etiam
583 2721 804 2761 animalibus
832 2720 1034 2770 aliquando
1062 2720 1260 2771 contingit,
1287 2720 1477 2771 sapiamus
1506 2726 1649 2763 autem,

202 2783 306 2835 quod
324 2783 515 2833 proprium
533 2783 696 2820 hominis
716 2790 786 2828 est,
807 2795 943 2833 parum
958 2789 1073 2821 recte.
1131 2783 1193 2830 At·
1202 2795 1294 2819 vero
1314 2782 1376 2832 qui
1394 2779 1649 2832 eloquentiam

201 2843 432 2894 vituperant,
452 2851 495 2882 ut
514 2851 655 2884 caetera
670 2844 853 2890 omittam,
867 2850 989 2881 artem
1009 2847 1090 2893 ejus
1109 2843 1209 2882 inter
1229 2843 1488 2881 adulationum
1501 2840 1650 2892 species

204 2911 411 2956 reponunt,
427 2912 544 2959 atque
560 2905 600 2945 id
620 2919 703 2946 esse
718 2905 855 2946 animae
874 2904 1024 2958 dicunt,
1044 2905 1147 2957 quod
1166 2904 1321 2957 corpori
1341 2911 1401 2944 est
1425 2900 1652 2942 obsonatrix.
