1824 3171
260 167 365 222 106

664 178 1338 224 ΔΗΜΟΣΘΕΝΟΥΣ

255 316 334 344 και
353 290 568 344 Ὀλυνθον
595 316 675 345 και
713 292 811 347 ὅποι
849 293 1089 354 βούλεται·
1119 292 1188 346 δεῖ
1218 293 1310 363 *γοὶρ
1337 318 1480 360 εκεινῳ
1511 317 1643 345 τουτο
1669 318 1710 346 εν

255 366 315 435 τῇ
333 390 485 437 ’γνωμῃ
502 370 810 460 παραστῆναι,
827 392 884 426 ως
902 368 1025 437 ὑμεῖς
1044 392 1093 420 εκ
1110 370 1187 430 τῆς
1206 366 1427 439 οἷμελειάς
1444 366 1613 429 ταύτης
1631 368 1711 428 τῆς

253 437 395 505 α’·γαν,
414 438 554 532 ω’ςπεξ)
575 441 634 501 εἷς
647 442 837 494 Εὕζοιαν
853 465 931 493 και
951 441 1152 514 πρότερον
1169 443 1281 495 ποτ-ἕ
1302 461 1437 506 φασιν
1458 441 1518 500 εἷς
1524 440 1709 509 Αλιαρ-

253 537 328 566 τον
349 538 427 566 και
448 540 510 566 τοι
537 526 782 568 τελευταωοι
810 516 947 602 πρώην
967 517 1027 573 εἷς
1047 515 1226 578 Πυλας,
1246 516 1350 575 ἴσως
1375 518 1428 569 ὀὲν
1448 516 1717 608 appanowa-re.

254 584 369 639 οὗτοι
405 603 643 647 παντελως
683 587 778 641 οὔδ’
805 613 838 640 ει
866 591 932 658 μὴ
966 589 1191 650 ποιήσαιτ’
1219 591 1273 640 ἀν
1301 591 1449 651 τοῦτο,
1476 592 1530 649 ὦς
1563 587 1717 655 ἔγωγε
1727 607 1779 641 45

256 678 366 731 φημι
392 659 491 724 δεῖν,
515 663 891 740 ευκαταφξονητον
918 685 1059 726 εστιν,
1087 688 1125 716 ιν
1157 664 1185 726 ἢ
1213 662 1286 714 δια
1315 688 1389 715 τον
1416 664 1562 727 φόξον,
1590 661 1710 722 ειὸως

251 791 343 812 vacra
358 793 366 820 3
382 793 482 822 exque
499 782 546 814 his
560 785 677 815 duabus
693 786 772 815 facta
789 796 850 815 vox
866 785 961 814 Ther-

249 826 393 864 mopylae.
417 825 563 857 Tourrell.
592 828 660 859 JaC.
682 829 852 858 Palmerius
867 828 963 858 Scho-

250 866 362 897 liasten
388 874 525 899 nostrum
557 870 736 909 ignorantiae
763 871 794 900 in
827 874 964 910 Geogra-

249 910 350 948 pbicis
374 921 414 940 ex
439 912 497 941 hoc
523 913 592 942 loco
615 914 728 952 arguit,
750 924 858 953 nempe
882 914 963 952 quod

251 953 343 992 Pylas
369 954 448 983 inter
475 955 657 985 Parnassum
688 961 719 985 et
747 958 833 986 Mare
858 962 963 996 ponat,

249 1005 341 1033 quum
358 1006 416 1035 pro
432 998 585 1027 Parnasso
601 999 728 1029 deberet
748 999 852 1029 dicere
870 1000 963 1029 Calli-

249 1038 401 1074 dromum,
413 1041 464 1070 vel
482 1042 595 1071 OEtam.
630 1043 677 1071 De
691 1043 963 1082 Thermopylarum

251 1080 312 1111 situ
338 1084 544 1113 consulendus
572 1089 620 1114 est
645 1085 698 1124 qui
729 1095 796 1115 eum
823 1091 964 1115 accurate

250 1123 409 1161 describit,
434 1127 536 1156 Strab.
563 1127 616 1157 lib.
644 1128 689 1158 ix.
718 1133 749 1157 et
779 1128 884 1159 Livius
910 1128 965 1157 lib.

249 1168 365 1197 xxxvi.
398 1170 450 1199 15.
479 1170 621 1201 Momm
672 1172 712 1200 V.
744 1171 874 1201 Diodor.
902 1172 964 1200 Sic.

250 1211 314 1240 xvi.
332 1212 385 1241 38.

292 1253 462 1294 Χερῥόνησον]
486 1255 557 1284 Hoc
584 1254 816 1294 intelligendum
849 1260 897 1286 est
926 1257 964 1287 de

250 1295 456 1332 Cl,1ersoneso
467 1296 534 1326 sive
547 1298 723 1334 Peninsula,
734 1300 884 1336 Thraciae,
896 1305 965 1338 post

251 1348 345 1368 unum
381 1349 489 1368 annum
523 1341 762 1371 Atheniensibus
798 1344 910 1372 tradita
947 1353 964 1372 a

250 1380 452 1421 Cersoblepte
483 1381 560 1421 (uno
586 1394 626 1413 ex
660 1385 800 1415 Thraciae
828 1387 963 1425 regibus,

251 1423 343 1462 Cotyi
359 1430 459 1455 autem
471 1424 565 1467 filio);
585 1427 698 1465 quippe
715 1428 766 1466 qui
782 1438 847 1458 eam
858 1434 964 1458 contra

250 1466 430 1506 Philippum
454 1469 616 1498 defendere
643 1480 701 1498 nou
716 1477 844 1520 *posset
889 1473 963 1501 Car-

249 1508 346 1544 diani,
364 1511 415 1549 qui
439 1510 469 1540 in
494 1511 549 1541 hac
574 1517 636 1541 turn
659 1513 783 1552 regione
807 1514 963 1551 florebant,

249 1561 346 1582 novos
363 1554 417 1583 hos
431 1554 572 1583 dominos
588 1565 756 1593 agnoscere
772 1562 963 1593 recusarunt,

251 1594 325 1634 quin
353 1596 391 1625 ad
422 1596 601 1635 Philippum
629 1600 805 1637 confugere.
857 1600 902 1634 Is,
931 1604 965 1628 ut

251 1647 355 1667 eorum
365 1638 568 1668 defectionem
584 1640 755 1675 adjuvaret,
767 1642 854 1679 cujus
865 1641 963 1679 ipsum

252 1680 342 1710 etiam
367 1686 519 1710 auctorem
543 1681 701 1711 exstitisse
719 1683 886 1713 verisimile
908 1688 965 1720 est,

252 1721 284 1751 in
314 1724 539 1753 Chersonesum
567 1734 648 1753 arma
678 1725 794 1754 intulit.
821 1725 964 1756 Toni-rell.

253 1765 395 1795 Momm.
442 1767 480 1795 V.
506 1767 633 1795 Diodor.
658 1767 720 1797 Sic.
737 1768 801 1797 xvi.
817 1770 870 1798 34.

299 1806 443 1849 Ὄλυνθον]
476 1809 523 1838 De
551 1809 687 1847 Olyntho
714 1810 877 1848 prolixius,
903 1821 966 1840 ma-

256 1849 360 1889 gisque
385 1852 422 1881 ad
445 1852 644 1891 propositum,
665 1851 814 1888 dicemus,
835 1863 903 1882 cum
927 1855 966 1883 de

255 1893 446 1932 Olynthiacis
462 1894 550 1923 nobis
566 1895 624 1923 erit
637 1896 800 1933 agendum.
845 1896 965 1936 Philip-

255 1946 313 1974 pus
330 1938 391 1974 jam
417 1937 547 1967 fortasse
563 1938 710 1967 adversus
727 1939 894 1977 Olynthum
914 1940 966 1969 ho-

257 1978 369 2008 stiliter
382 1989 415 2008 se
425 1984 574 2018 gesserat,
585 1980 707 2010 minime
720 1991 794 2010 vero
803 1983 870 2020 ejus
886 1983 967 2011 obsi-

255 2021 377 2051 dionem
394 2022 590 2057 instruxerat,
606 2034 703 2062 neque
721 2025 885 2063 quidquam
903 2035 966 2054 om-

255 2064 325 2093 nino
343 2065 457 2094 fecerat
473 2066 554 2104 quod
576 2076 612 2095 eo
635 2071 807 2106 spectaret;
831 2067 966 2106 alioquin

256 2108 478 2138 Demosthenes
502 2119 690 2147 nequaquam
714 2110 746 2139 id
772 2114 832 2139 tam
859 2110 967 2140 leviter

255 2149 313 2179 hoc
329 2150 359 2179 in
376 2150 444 2180 loco
460 2151 625 2190 attigisset,
636 2162 703 2181 cum
718 2152 756 2182 de
769 2163 804 2184 eo
822 2152 894 2181 alibi
907 2158 964 2182 tam

255 2191 441 2231 frequenter,
453 2199 595 2233 tantaque
607 2195 647 2231 vi,
661 2195 849 2224 declamitct.
874 2194 967 2225 Tour-

255 2235 321 2264 rell.
346 2237 487 2266 Momm

300 2279 353 2308 Δει
366 2280 419 2319 γὰρ
437 2277 523 2318 ἐκείνῳ
544 2281 629 2310 τοῦτο
652 2278 678 2309 ἐν
697 2292 731 2310 τν
755 2281 851 2321 γνώμη
875 2290 967 2320 παρα-

255 2321 370 2360 στῆναι]
396 2321 450 2351 Δει
468 2312 628 2353 mbrffcnaa
651 2324 789 2353 Φίλιππον
812 2334 858 2352 και
880 2334 967 2363 προσ·-

254 2362 344 2391 δοκεῖν.
369 2364 491 2394 Wonr.

298 2407 494 2456 Παραστηναι]
524 2407 595 2436 Vid.
618 2408 778 2437 D'Orville
810 2409 848 2438 nd
873 2409 965 2439 Char.

255 2447 394 2486 Aphrcd.
412 2449 432 2477 Ι.
449 2449 490 2479 iv.
506 2460 532 2479 c.
552 2450 595 2479 iv.
614 2461 644 2489 p.
661 2453 735 2481 391.

298 2487 346 2518 Ἐκ
360 2492 411 2524 τῆς
425 2492 565 2530 ἀμελείας
582 2493 704 2534 ταύτης]
728 2495 811 2524 Μετὰ.
827 2495 874 2524 τῆν
889 2493 965 2534 ἇμὲ-

255 2537 341 2566 Mam,
373 2543 408 2562 ac
441 2535 554 2582 potius,
585 2535 718 2575 ἀφέμενοι
747 2548 780 2566 ‘rr
770 2538 798 2569 ’ῖς
828 2536 966 2576 ἀμελείας

254 2573 373 2610 ταύτης,
408 2577 705 2615 onzissa,1·e1m‹liata
735 2581 791 2609 ista
826 2582 965 2610 socordia.

255 2617 345 2647 Wor.
351 2628 376 2647 r.

256 2688 259 2690 .
298 2660 344 2693 Εἷς
356 2658 479 2701 sacam]
497 2662 595 2700 Opem
608 2663 738 2692 tulerant
751 2664 965 2702 Athenienses,

255 2706 374 2741 septem
393 2703 478 2733 annis
494 2705 837 2740 anten,13uboeensibus
859 2713 963 2738 contra

253 2745 434 2775 Thebanos:
459 2756 526 2776 cum
550 2747 683 2786 quinque
712 2749 821 2778 diebus
845 2752 963 2781 exerci-

254 2791 317 2818 tum
340 2788 370 2818 in
399 2789 545 2820 Euboenm
569 2790 755 2825 induxnint,
779 2796 809 2821 et
840 2793 964 2831 triginta

256 2830 307 2860 vix
338 2832 462 2872 elapsis,
484 2833 641 2872 coegerint
670 2834 828 2863 'l'blltlmnos
858 2846 962 2874 pacem

253 2878 372 2911 petorc
391 2880 421 2905 et
441 2876 478 2904 ab
501 2876 598 2905 insula
620 2876 780 2905 dommum.
828 2877 871 2906 1131
893 2881 963 2909 mm.

254 2918 378 2947 Srocrx.
425 2918 496 2947 Vid.
516 2918 644 2948 Diodor.
668 2919 729 2948 Sic.
749 2920 811 2948 xvi.
830 2923 873 2954 7.,
901 2923 960 2951 De-

252 2961 365 2990 mosth.
380 2960 419 2990 de
434 2961 542 2992 Chers.
558 2961 585 3001 ς.
606 2960 664 3001 ιζ’..
681 2965 711 2991 ct
731 2972 787 3001 pro
807 2962 961 3004 Megalop.

1015 805 1023 814 .
1039 796 1060 814 ε.

996 783 1011 823 §
1034 826 1152 868 ‘'no-mg
1167 829 1205 862 εἷς
1226 828 1355 868 Εὔβοιαν]
1380 829 1455 859 Sub.
1475 829 1553 868 ὑμᾶς
1577 828 1709 869 ὁρμῆς-αι.

999 871 1137 901 Auem.

1040 913 1092 942 Καὶ
1117 913 1249 954 πρότερόν
1275 913 1346 943 ποτέ
1370 922 1467 953 φασιν,
1487 913 1525 948 εἷς
1547 911 1707 955 ιΑλίαρϊινν]

998 956 1219 987 Lacedaemonii
1244 957 1319 986 hanc
1338 957 1465 986 Boeotiae
1481 958 1585 986 urbem
1609 966 1709 995 oppu-

998 1000 1139 1037 gnabant.
1163 1000 1377 1035 Athenienses,
1388 1000 1542 1029 Thebanis
1557 1009 1645 1037 opem
1655 1008 1708 1037 pe-

998 1043 1144 1077 tentibus,
1159 1053 1223 1071 eam
1240 1043 1400 1072 obsidione
1415 1043 1594 1077 liberarunt,
1606 1042 1710 1071 occiso

1000 1085 1160 1122 Lysandro
1178 1086 1256 1115 duce
1274 1086 1519 1115 Lacedaenionio.
1550 1085 1647 1114 Facta
1662 1090 1710 1114 est

1000 1128 1064 1156 haec
1080 1128 1240 1165 expeditio
1261 1129 1345 1158 annis
1361 1131 1402 1160 43
1418 1132 1486 1158 ante
1501 1128 1577 1161 hanc
1597 1127 1710 1157 oratio-

998 1180 1066 1199 nem
1087 1171 1220 1200 habitam
1242 1170 1385 1211 (vrg67-ep6v
1400 1170 1471 1202 ποτέ
1494 1178 1590 1210 φασιν,
1610 1170 1711 1208 inquit

1001 1213 1240 1253 Demosthenes)
1269 1219 1359 1253 atque
1392 1224 1428 1244 eo
1459 1213 1610 1252 insignior
1640 1213 1711 1249 fuit,

998 1257 1080 1294 quod
1112 1261 1174 1286 tum
1212 1257 1414 1286 Athenienses
1452 1255 1624 1294 nuperrime
1654 1266 1708 1284 ex-

999 1305 1156 1329 cusserant
1185 1301 1293 1339 jugum
1323 1299 1451 1338 triginta
1486 1300 1708 1337 Tyrannorum.

1000 1341 1045 1370 Er
1060 1342 1130 1372 edit.
1153 1343 1276 1373 Srocx.
1321 1343 1394 1372 vid.
1410 1342 1557 1381 Xenoph.
1584 1342 1710 1371 Hellen.

999 1384 1042 1413 iii.
1061 1387 1091 1414 5.

1041 1427 1094 1456 Καὶ
1109 1429 1151 1457 τὰ
1165 1427 1320 1457 τελευταῖα.
1336 1427 1423 1466 πρώην
1443 1427 1481 1461 εἷς
1500 1426 1611 1467 Πύλας]
1636 1425 1712 1456 Vid-

998 1480 1107 1508 supra:
1130 1470 1255 1500 consule
1272 1470 1363 1499 etiam
1380 1470 1551 1500 Diodorum
1566 1469 1620 1499 lib.
1641 1469 1708 1498 xvi.

1000 1512 1149 1542 Historiae
1167 1523 1282 1542 summa
1293 1513 1357 1542 haec
1375 1517 1430 1542 est.
1461 1512 1598 1542 Thebani
1611 1511 1711 1541 victos

1000 1555 1091 1584 armis
1114 1556 1363 1585 Lacedaemonios
1382 1560 1414 1584 et
1431 1555 1609 1585 Phocenses
1629 1554 1712 1593 apud

1001 1597 1258 1638 Amphictyonum
1287 1597 1446 1626 consilium
1477 1601 1713 1634 accusaverant;

1000 1639 1085 1674 illos,
1105 1641 1186 1678 quod
1210 1640 1372 1668 Cadmeam
1397 1649 1497 1670 arcem
1521 1640 1713 1669 induciarum

1001 1686 1138 1720 tempore
1163 1687 1410 1720 occupaverant;
1432 1683 1500 1718 hos,
1520 1682 1601 1721 quod
1623 1688 1713 1712 terrae

1001 1734 1094 1753 sacrae
1110 1730 1240 1754 tractum
1257 1725 1478 1755 excoluissent.
1515 1725 1567 1754 Illi
1582 1725 1714 1764 pecunia

1000 1767 1192 1802 damnantur,
1204 1767 1308 1805 majori
1323 1777 1411 1806 quam
1427 1778 1495 1806 quae
1507 1768 1626 1797 exsolvi
1641 1777 1713 1806 pos-

1001 1813 1058 1838 set.
1103 1810 1204 1849 Igitur
1222 1810 1409 1846 Phocenses,
1434 1810 1604 1840 Philomela
1621 1811 1714 1846 duce,

1001 1851 1149 1890 templum
1165 1853 1349 1892 Delphicum
1360 1858 1520 1892 occupant.
1546 1853 1629 1883 Hinc
1639 1863 1713 1883 con-

1002 1894 1102 1923 flatum
1122 1895 1246 1931 bellum,
1268 1895 1349 1934 quod
1368 1896 1546 1930 Phocicum,
1564 1896 1632 1926 sive
1657 1896 1713 1925 Sa-

1002 1947 1098 1972 crum,
1110 1938 1293 1976 appellatur,
1304 1938 1445 1977 quodque
1456 1949 1578 1971 novem.
1590 1943 1623 1967 ut
1636 1938 1713 1968 Dio-

1002 1980 1095 2009 dorus
1116 1982 1219 2015 refert,
1245 1981 1351 2010 decem
1377 1991 1461 2016 vero,
1483 1986 1516 2010 ut
1537 1982 1717 2016 Pausanias,

1002 2032 1094 2051 annos
1116 2023 1247 2054 duravit.
1295 2024 1453 2064 Pleraeque
1476 2023 1605 2054 Graeciae
1621 2025 1715 2054 urbes

1003 2065 1193 2102 Phocenses,
1216 2071 1251 2096 ut
1274 2067 1452 2106 sacrilegos,
1471 2067 1587 2097 ultione
1609 2077 1715 2105 perse-

1002 2109 1138 2146 quendos
1163 2115 1307 2148 censent3
1331 2110 1535 2140 Athenienses
1556 2115 1663 2139 contra
1683 2114 1715 2139 et

1002 2151 1224 2182 Lacedaemonii
1242 2153 1281 2182 iis
1297 2153 1494 2182 auxiliantur.
1540 2153 1714 2191 Philippus,

1002 2203 1020 2222 a
1029 2194 1184 2224 Thebanis
1194 2195 1409 2233 Thessalisque
1421 2196 1485 2225 dux
1496 2195 1568 2224 belli
1578 2201 1714 2231 oreatus,

1003 2236 1178 2266 Phocenses
1209 2238 1315 2276 praelio
1346 2238 1453 2267 vincit.
1497 2238 1713 2272 Athenienses,

1003 2279 1106 2308 audito
1117 2279 1189 2309 belli
1206 2286 1332 2316 eventu,
1348 2291 1385 2310 ne
1402 2279 1431 2308 in
1450 2279 1599 2309 Graeciam
1617 2285 1714 2309 trans-

1002 2322 1072 2357 iret,
1089 2323 1245 2361 angustias
1260 2323 1529 2362 Thermopy-larum
1552 2327 1714 2362 occupant.

1003 2365 1143 2395 Μουκτ.

1046 2407 1085 2437 οὗ
1098 2419 1140 2437 τοι
1156 2408 1320 2448 παντελῶς]
1344 2407 1501 2438 Sententia
1510 2412 1576 2438 est.
1569 2418 1576 2425 ·
1591 2408 1713 2438 tametsi

1002 2450 1059 2479 hoc
1076 2461 1132 2479 non
1156 2451 1300 2486 feceritis,
1317 2450 1366 2491 <id
1390 2457 1449 2486 est,
1466 2451 1490 2481 si
1511 2461 1568 2481 non
1588 2456 1711 2480 strenue

1002 2494 1216 2529 excurreritis,
1232 2494 1315 2523 sicut
1337 2493 1427 2532 olim)
1443 2494 1472 2523 id
1491 2494 1572 2533 quod
1589 2503 1646 2532 ego
1666 2498 1713 2523 ta-

1002 2546 1068 2566 men
1083 2537 1202 2565 omnino
1220 2547 1331 2566 censeo
1345 2536 1528 2571 faciendum,
1538 2545 1596 2565 non
1611 2541 1711 2565 tamen

1001 2578 1030 2607 in
1043 2589 1079 2609 ea
1094 2589 1127 2609 re
1144 2590 1249 2618 parum
1267 2580 1409 2609 momenti
1426 2579 1496 2608 erit.
1520 2578 1563 2608 W
1569 2589 1644 2608 ou·-

1043 2621 1210 2661 Ποιήσαιτε]
1232 2621 1351 2661 ’Υμεῖςῑ
1384 2632 1443 2651 non
1466 2622 1503 2651 nd
1529 2621 1707 2660 Philippum

1000 2665 1142 2702 pertinet.
1188 2666 1264 2694 Nam
1292 2674 1303 2693 ε
1331 2674 1386 2703 per
1410 2664 1628 2702 apostrophum
1657 2664 1708 2692 ab·

994 2709 1112 2745 jectum
1141 2709 1198 2741 est,
1223 2717 1282 2736 non
1307 2717 1342 2739 o:
1372 2706 1521 2736 ποιήσαιτε
1545 2706 1623 2745 lege,
1650 2717 1708 2735 non

999 2749 1158 2780 ποιήσαιτο.
1182 2750 1302 2779 WoLr.

1042 2791 1282 2831 Εὗκαταφρόνητόν
1305 2790 1399 2833 ἐστιν]
1431 2791 1566 2820 Subaudi
1594 2789 1607 2819 ’ὃ
1629 2790 1706 2822 vrevi-

998 2845 1076 2868 σετε,
1093 2835 1140 2864 vel
1162 2845 1281 2864 resume
1304 2836 1387 2863 τοῦτο
1409 2835 1488 2873 qnod
1506 2839 1553 2864 est
1573 2839 1642 2872 post
1663 2834 1708 2869 ἂν,

998 2882 1027 2906 «t
1043 2878 1122 2916 quod
1139 2876 1232 2915 aliqui
1252 2877 1348 2907 velint
1364 2882 1433 2916 post
1449 2878 1594 2910 παντελῶς
1609 2877 1706 2907 collo-

997 2920 1069 2949 cari.
1116 2921 1249 2949 Auum.

1040 2963 1120 2997 stez<
1136 2963 1284 3002 uiaret-unic
1299 2961 1392 3002 ὑμᾶς]
1419 2963 1486 2993 Non
1503 2962 1620 2998 dubito,
1632 2961 1704 3000 quin
