1824 3171
582 167 656 208 AD
685 166 1148 208 DEMOSTHENEM.
1493 166 1585 205 ccxi

129 283 208 324 Pag.
252 291 346 314 vern

125 344 200 383 291
285 345 311 381 2
340 342 399 378 καὶ
417 339 567 390 ἄλλοις]
595 340 807 393 interposui
827 347 919 386 τοῖς.

123 406 202 443 293
259 406 309 441 10
337 401 426 455 χρὴ]
459 412 567 454 χρῆν.

122 485 202 494 ·-—-
258 466 307 503 16
337 463 410 512 ὅτι]
430 466 497 501 ἔτι.

121 545 200 553 ——·-
256 527 304 564 17
337 523 426 574 μὲν]
453 524 515 563 ἅν.

117 605 198 614 —-
253 587 304 624 19
331 584 424 635 μηέὲ
443 586 593 636 πεῖραν]
613 586 694 637 μηδ’
714 588 754 630 ἐς
773 590 918 637 πεῖραν.

116 648 196 687 297
278 649 303 685 5
333 649 363 684 εἰ
384 649 459 698 γὰρ
479 647 544 697 ὡς]
563 651 595 686 εἰ
615 651 687 698 γὰρ
707 650 779 701 οὐχ
797 652 859 692 ὡς.

116 709 198 746 300
254 709 304 745 12
332 707 447 758 ὑμᾶς]
467 710 582 757 ὑμῶν.

116 771 191 807 301
210 780 300 820 pen.
329 769 524 818 πρόνοιαν]
543 774 735 822 προνοίας.

113 833 193 870 306
276 834 301 870 5
330 831 380 869 ad
398 831 546 875 πάντας
564 832 698 871 addidi
717 833 779 870 ἄν.

116 894 194 933 307
250 894 303 931 25
333 894 598 943 αὐτοτραγικὸς
614 894 787 944 πίΞήιεος]
809 891 1215 946 αὖτοτραγικοπίὲητος
1234 904 1311 932 uno
1329 891 1532 932 vocabulo.

114 956 193 992 308
228 955 299 992 ult.
329 955 516 1005 πολιτικὰ]
537 959 730 1001 συνὴλικα.

111 1018 191 1055 309
246 1019 299 1055 20
327 1019 387 1054 καὶ
406 1019 671 1068 παραπλήσια]
698 1018 909 1070 interposui
930 1019 990 1056 τά.

114 1080 193 1116 310
274 1081 298 1116 8
334 1079 471 1134 σχεδόν
492 1097 527 1117 τι
552 1080 712 1131 ἡμέραν]
742 1082 906 1132 primum
930 1081 1067 1118 horum
1086 1079 1365 1119 vocabulorum
1394 1092 1416 1119 e
1444 1090 1579 1118 manu-

379 1141 537 1192 scripto,
560 1142 774 1180 secundum
794 1143 844 1180 de
864 1155 951 1180 meo
972 1141 1115 1181 addidi.

112 1203 192 1241 315
274 1205 300 1240 4
329 1202 522 1251 ἐξέτασον]
543 1202 784 1253 ἐξετάσωμεν.

111 1283 190 1294 --
271 1266 296 1301 6
325 1263 524 1313 ἐρώτησον]
545 1264 795 1315 ἐρωτὴσωμεν.

112 1344 191 1353 ·—-
243 1325 296 1363 23
325 1326 399 1361 καί
418 1325 620 1374 ἀγγελεῖν]
641 1328 893 1374 κακαγγελεῖν
912 1338 991 1364 uno
1012 1324 1218 1364 vocabulo.

109 1405 190 1416 --
206 1398 299 1437 pen.
317 1393 407 1437 post
426 1391 589 1429 τοιοῦτος
608 1386 742 1424 addidi
761 1388 848 1435 ἐγώ.

110 1449 189 1489 317
246 1451 297 1487 15
325 1450 536 1498 τεταγμένα
556 1448 652 1497 πως]
671 1448 884 1500 interposui
902 1446 1007 1486 οὕτω.

109 1530 191 1540 -
243 1512 297 1548 24
327 1509 507 1560 ἒιώρικεν]
528 1509 746 1560 ἷιωρικὲναι.

108 1573 187 1609 318
244 1573 294 1610 16
323 1573 364 1609 οὒ
383 1572 500 1622 μόνον
519 1575 568 1622 τῷ
589 1571 733 1620 λέγειν]
752 1578 841 1622 post
860 1569 1079 1609 secundum
1098 1568 1332 1608 vocabulum
1353 1567 1483 1607 addidi
1504 1569 1558 1608 ἔν.

108 1635 187 1672 319
269 1634 297 1674 5
324 1632 468 1689 ἔχ-ἓρας
488 1633 566 1681 καὶ]
584 1633 795 1684 interposui
815 1634 936 1672 ἕνεκα.

105 1697 185 1734 320
243 1698 292 1734 18
322 1698 447 1737 αὐτοῖς
475 1695 716 1745 εἰλημμένος]
747 1696 858 1738 αὐτὸς
889 1702 1027 1734 σαυτοῦ
1057 1697 1128 1733 εἶλ.
1154 1692 1325 1732 mediam
1353 1705 1492 1731 vocem
1526 1691 1574 1730 de

373 1769 462 1794 meo
482 1756 627 1795 addjdi.

105 1821 185 1858 322
240 1820 290 1861 17
320 1817 475 1870 ἔπορεν]
505 1820 643 1869 ἕτερον.

105 1883 184 1921 329
266 1884 291 1919 8
319 1880 435 1933 μηῖὲν
454 1879 611 1932 τούτων]
641 1879 855 1932 interposui
874 1879 1035 1918 πάντων.

105 1964 185 1970 —-
242 1945 292 1982 16
321 1944 430 1980 πέντε
449 1940 668 1993 ταλάντων]
691 1942 866 1980 contraxi
882 1942 922 1980 in
941 1953 1060 1979 unum
1073 1939 1318 1979 vocabulum.

104 2005 183 2042 322
264 2007 290 2042 4·
319 2002 430 2046 εὒὲὺς
459 2003 575 2054 ὁρὲὴν
605 2004 664 2041 καὶ
695 2004 841 2042 &maiar
870 2007 939 2050 τὴν
968 2001 1075 2054 ὁδὸν]
1104 2001 1305 2040 articulum
1335 2013 1359 2040 e
1389 2000 1481 2040 sede
1500 2013 1573 2041 sua

371 2064 564 2110 transtuli,
585 2072 624 2102 et
639 2072 728 2116 post
743 2064 854 2108 εὒ-ἓὺς
875 2065 1005 2103 statim
1025 2064 1150 2115 posui.

105 2127 183 2167 347
238 2127 290 2167 27
320 2125 593 2177 πεφοβημένων
613 2129 672 2164 καὶ
691 2125 1001 2178 τεταραγμένων]
1024 2126 1142 2164 etiam
1162 2125 1226 2164 hic
1244 2125 1363 2164 verba
1379 2123 1524 2176 trajeci.

103 2191 181 2227 348
197 2182 287 2240 pen.
316 2188 467 2225 ἐπειέάν
485 2205 521 2226 τι
537 2186 740 2239 λέγοντος]
764 2187 913 2227 έπειέὰν
931 2190 1210 2231 ἀντιλέγοντος.

102 2253 183 2289 349
240 2253 290 2288 19
317 2247 417 2302 εἶχε]
440 2250 555 2304 ἔχειν.

102 2314 183 2350 350
238 2313 290 2350 12
319 2313 379 2347 καὶ
393 2309 560 2362 φωκέας]
580 2308 795 2362 interposui
815 2314 858 2350 εὶ.

103 2376 178 2412 351
239 2375 289 2412 18
319 2372 425 2424 ἒόξα]
448 2372 550 2419 δόξει.

102 2456 182 2462 —
235 2437 288 2474 24
316 2433 481 2485 τούτοις]
501 2434 664 2478 τούτους.

102 2496 181 2537 357
263 2498 290 2534 2
317 2492 426 2547 ποτε]
449 2497 542 2534 τότε.

101 2570 182 2578 --
262 2552 287 2588 3
315 2552 378 2587 οὐκ
393 2547 536 2587 addidi.

101 2632 181 2642 —-
260 2613 287 2649 9
314 2611 373 2648 ἐπὶ
393 2608 501 2660 ταῖς]
529 2610 593 2647 ἐπί
607 2626 642 2647 τι
665 2615 761 2654 ταῖς.

104 2674 182 2711 359
193 2683 285 2722 pen.
315 2672 387 2722 μὲν
407 2669 536 2721 ὑμεῖς]
557 2670 767 2723 interposui
789 2671 877 2722 γάρ.

103 2735 181 2772 362
236 2735 286 2772 12
313 2732 441 2785 τοῦτο]
463 2737 607 2772 τούτου.

104 2815 184 2823 --
234 2797 287 2834 25
316 2797 388 2833 οὔτ’
407 2793 482 2847 εἷς]
503 2794 574 2833 οὔδ’
593 2795 704 2839 αὐτὸς
725 2797 791 2839 εἷς.

102 2857 182 2895 367
238 2859 287 2895 19
314 2856 458 2908 ἀνδρῶν
477 2859 538 2894 καὶ
555 2856 704 2909 χῶραν]
725 2856 876 2896 detraxi
897 2855 1093 2908 copulam.

105 2938 181 2946 ——
211 2916 280 2954 ult.
307 2917 512 2972 προῄρητο]
532 2918 751 2973 προῄρηντο,
769 2917 807 2958 i'n
825 2917 974 2970 plumli.
