1824 3171
181 179 283 217 clxiv
630 178 843 218 REISKII
883 177 1182 218 PRAEFATIO

185 281 390 320 Habemus
409 281 483 320 hoc
504 281 542 318 in
561 282 670 320 titulo
690 283 806 321 breve
825 290 1091 334 argumentum
1121 282 1237 333 ipsius
1259 280 1396 332 operis.
1453 280 1635 332 Explica-

185 343 329 380 tionem
356 343 452 380 tituli
479 343 627 381 dabunt.
656 344 905 396 insequentia.
963 343 1098 382 Partes
1131 343 1254 394 operis
1284 342 1477 393 sigillatim
1507 355 1638 393 perse-

188 416 360 454 quamur.
417 404 588 442 Titulum
618 406 763 457 excipit
789 405 981 443 dedicatio
1009 406 1059 443 ad
1091 405 1301 442 Henricum
1328 404 1637 454 Recklingerum

190 471 231 502 et
247 465 564 516 christophorum
585 466 848 518 Peitingerum
865 466 1096 504 Duumviros
1116 473 1154 503 et
1181 466 1229 503 ad
1246 466 1433 504 Consules
1453 479 1499 503 ac
1521 465 1639 503 Sena·
1704 500 1711 508 ,

189 531 272 563 tum
301 526 454 578 inclytae
486 528 725 578 Augustanae
756 529 920 579 reipubl.
988 527 1022 565 E
1054 540 1130 578 qua
1158 530 1266 577 juvat
1295 528 1380 565 haec
1415 540 1639 578 excerpere.

190 587 410 638 Fuggerum
429 589 600 640 appellat
619 596 821 640 patronum
840 590 951 638 hujus
979 587 1118 639 operis,
1140 588 1177 625 in
1195 590 1303 638 cujus
1323 588 1362 626 id
1382 588 1532 626 nomine
1555 591 1637 636 jam

191 649 346 686 tertium
375 650 562 701 apparuit.
583 669 635 676 —
654 650 801 687 Prodiit
830 650 1112 688 Demosthenes
1142 650 1271 696 (modo
1305 661 1429 699 operae
1458 655 1637 698 typogra-

189 710 316 760 phicae
344 723 420 747 non
447 711 496 748 de
525 711 675 762 integro
695 711 944 749 deformarint
963 724 1021 756 ea,
1044 725 1130 762 quae
1149 724 1222 761 ego
1243 722 1391 747 summo
1410 709 1542 746 labore
1574 721 1640 745 ex-

189 771 315 821 polivi.
329 771 445 822 longe
465 785 487 810 a
507 773 622 823 praelo
641 773 788 819 absum,
809 780 847 811 et
865 774 957 811 alias
977 773 1070 811 alios
1091 772 1246 811 codices
1277 770 1505 820 chartasque
1525 776 1638 820 typo-

191 832 339 882 grapho
355 833 466 881 misi,)
479 834 541 871 hic
560 835 675 884 igitur
693 834 863 885 inquam,
877 835 980 885 quod
999 834 1152 885 quidem
1171 833 1209 869 in
1229 844 1290 869 me
1309 831 1389 875 suit,
1404 843 1445 868 se
1465 838 1640 882 spectan-

192 892 284 930 dum
302 892 597 939 Demosthenes,
615 908 701 932 cum
720 909 797 932 non
816 896 1100 933 contemnendo
1119 894 1298 933 comitatu
1319 893 1467 945 praebet

527 964 594 994 Jam
610 964 723 1003 positis
738 975 836 993 novus
853 965 972 994 exuviis
986 964 1158 1003 niditusque
1171 966 1310 1003 juventa.

194 1022 274 1060 Sed
293 1022 342 1060 ad
362 1036 531 1073 graecum
560 1023 800 1074 archetypon
819 1022 1066 1066 redeo—⁷079
1092 1025 1293 1075 φιλέλλησι
1318 1034 1444 1072 spero.
1491 1021 1643 1072 Scripta

191 1083 277 1120 haec
294 1091 350 1121 est
372 1084 568 1123 dedicatio
587 1085 721 1122 Idibus
739 1084 920 1135 Augusti,
937 1084 1053 1122 natali
1069 1097 1168 1123 me0.
1186 1084 1298 1121 Anno
1320 1084 1369 1121 R.
1386 1085 1423 1122 S.
1442 1086 1557 1125 1570.
1577 1096 1643 1121 eo-

193 1145 282 1183 dem
303 1146 420 1196 igitur
434 1160 511 1197 quo
527 1147 700 1185 Parisina
717 1147 872 1199 prodiit.
913 1147 1019 1197 Ergo
1035 1148 1113 1196 jam
1134 1153 1216 1184 tum
1233 1147 1407 1184 absoluta
1421 1147 1539 1197 praelo
1559 1152 1643 1184 erat

191 1207 277 1244 haec
291 1207 404 1244 editio
425 1209 595 1246 secunda
614 1209 745 1247 Wolfii
762 1209 1023 1260 graecolatina‚
1044 1222 1111 1247 seu
1131 1217 1267 1259 quarta
1281 1210 1486 1254 VVolfiana,
1503 1216 1545 1246 ut
1558 1209 1642 1260 ipse

193 1268 308 1306 Wolf
317 1282 401 1306 eam
423 1270 606 1320 appellat.
658 1271 735 1308 Sed
757 1279 994 1322 supererant,
1016 1277 1058 1308 ut
1075 1271 1259 1322 suspicor,
1281 1270 1406 1309 adhuc
1425 1270 1642 1322 supplenda

194 1330 371 1379 quaedam
390 1343 437 1368 ex
459 1331 626 1369 editione
647 1331 831 1378 Parisina,
853 1345 938 1382 quae
955 1345 1015 1370 res
1037 1332 1317 1382 evulgationem
1338 1332 1376 1368 in
1396 1332 1556 1369 alterum
1577 1343 1643 1368 an-

193 1404 286 1428 num
302 1392 482 1430 extraxit.
503 1405 578 1443 qua
593 1393 642 1431 de
657 1407 699 1431 re
714 1401 801 1445 post
815 1394 1000 1444 pluribus.
1031 1394 1122 1444 Ipse
1138 1394 1252 1431 Wolf
1265 1393 1465 1443 aliquoties
1484 1399 1647 1430 testatur

194 1466 235 1490 se
249 1465 347 1490 anno
363 1457 478 1493 1569.
492 1455 560 1492 has
575 1463 721 1505 quartae
736 1456 1009 1506 recognitionis
1021 1456 1284 1494 annotationes
1298 1455 1578 1506 conscripsisse.
1594 1457 1646 1500 (v.

196 1523 367 1553 annotat.
387 1517 437 1553 ad
456 1530 492 1566 p.
508 1519 599 1557 786.
616 1517 681 1554 ubi
715 1518 768 1554 ait
798 1531 845 1554 eo
866 1518 1017 1554 demum
1039 1531 1139 1554 anno
1164 1530 1296 1555 secum
1324 1530 1409 1555 esse
1436 1516 1646 1554 communi-

195 1583 322 1613 catam
343 1577 518 1614 Aldinam
548 1590 571 1615 a
591 1578 818 1615 Theobaldo
836 1577 1080 1615 Theodorico
1109 1578 1396 1628 Argentinensi,
1422 1578 1491 1615 sed
1507 1577 1646 1615 Parisi-

194 1649 295 1682 nam,
325 1650 438 1687 quam
465 1638 640 1689 Oporino
673 1639 849 1683 misisset,
883 1651 1115 1688 recuperare
1148 1652 1225 1675 non
1254 1638 1433 1689 potuisse.
1490 1638 1646 1688 Ergone

197 1699 370 1737 Parisina
388 1713 540 1750 quoque
561 1703 640 1748 jam
660 1712 759 1738 anno
777 1703 892 1739 1569.
913 1699 1082 1751 prodiit?
1124 1700 1344 1750 Sequuntur
1364 1699 1648 1737 dedicationem

196 1761 370 1798 versiculi
402 1761 513 1812 graeei
542 1761 724 1812 latinique
756 1761 890 1799 Wolfii
923 1761 971 1799 ad
998 1775 1079 1799 rem
1107 1761 1160 1798 nil
1186 1762 1396 1806 facientes3
1431 1768 1512 1798 tum
1539 1759 1648 1798 testi-

195 1822 324 1859 monia
351 1822 398 1859 de
420 1823 683 1860 Demosthene
704 1828 876 1860 veterum
905 1835 1118 1872 graecorum
1144 1822 1435 1873 latinorumque,
1466 1822 1531 1858 illa
1560 1834 1646 1858 cum

194 1883 313 1921 latina
332 1883 463 1920 Wolfii
491 1883 825 1935 interpretatione3
854 1890 934 1920 tum
969 1891 1155 1935 excerpta
1188 1897 1238 1921 ex
1273 1883 1434 1934 epistola
1468 1881 1646 1920 Matthiae

200 1943 396 1990 Schenkii,
412 1945 646 1994 Augustanae
667 1945 811 1982 scholae
826 1945 969 1982 Anneae
989 1945 1159 1995 magistri
1174 1945 1337 1996 primarii
1353 1945 1404 1982 ad
1418 1944 1646 1994 Hieronym.

198 2005 383 2042 VVolfium
405 2005 650 2043 18..Januarii
668 2009 783 2047 1571.
798 2007 951 2056 scripta,
973 2019 1048 2056 qua
1063 2006 1096 2042 ei
1117 2006 1287 2043 laborem
1304 2004 1646 2043 Demosthenicum

199 2067 436 2104 exantlatum
467 2067 708 2117 gratulatur3
735 2067 825 2105 inde
855 2080 1011 2105 carmen
1041 2067 1151 2105 Pauli
1184 2067 1335 2104 Melissi
1365 2066 1502 2104 Franci
1532 2078 1648 2116 super

197 2130 332 2167 eadem
353 2143 408 2167 re.
466 2130 565 2166 Tum
585 2130 703 2167 series
723 2129 849 2180 operis
870 2129 1159 2167 Demosthenici
1179 2128 1217 2165 in
1233 2132 1272 2169 6.
1291 2136 1416 2166 tomos
1443 2127 1646 2172 distributi,

201 2204 360 2241 quorum
382 2198 544 2242 quatuor
574 2191 718 2241 priores
747 2204 865 2242 opera
892 2191 1163 2229 Demosthenis
1194 2199 1234 2228 et
1254 2190 1448 2228 AEschinis
1478 2189 1648 2239 comple-

200 2259 368 2296 ctuntur,
390 2252 543 2302 quintus
565 2252 720 2307 Ulpiani
746 2252 1052 2298 commentarios,
1083 2266 1168 2289 cum
1190 2251 1496 2289 annotationibus
1517 2251 1649 2289 Wolfii

200 2315 251 2352 ad
269 2314 438 2359 eosdem,
460 2313 701 2352 accessiones
729 2314 779 2351 ad
801 2313 1007 2364 Ulpianum
1037 2327 1085 2351 ex
1114 2313 1280 2350 editione
1301 2313 1484 2357 Parisina,
1507 2313 1650 2350 Demo-

201 2376 345 2412 sthenis
360 2375 437 2412 vita
457 2375 666 2420 eLibanio,
681 2375 903 2420 Plutarcho,
918 2374 1094 2412 Luciano
1113 2382 1151 2412 et
1167 2375 1296 2412 Suida.
1328 2374 1517 2412 AEschinis
1532 2375 1609 2413 vita
1627 2387 1650 2412 e

201 2437 423 2481 Plutarcho,
438 2444 476 2474 et
495 2437 569 2475 alia
583 2437 730 2474 incerto
750 2444 916 2482 auctore,
934 2436 1130 2487 Apollonii
1150 2436 1186 2473 in
1205 2437 1425 2474 AEschinem
1446 2437 1649 2481 enarratio,

202 2498 395 2536 AEschinis
423 2498 501 2535 vita
526 2511 548 2536 e
570 2498 701 2543 Suida,
723 2498 855 2535 Wolfii
883 2499 1148 2536 annotationes
1180 2499 1217 2535 in
1245 2498 1326 2536 illas
1351 2499 1463 2536 vitas.
1493 2499 1650 2536 tandem

201 2560 354 2610 farrago
385 2560 673 2598 annotationum
705 2560 950 2605 Reuberana,
978 2561 1024 2598 de
1051 2574 1126 2611 qua
1145 2574 1259 2611 supra
1280 2561 1454 2606 diximus,
1484 2574 1569 2598 cum
1599 2561 1649 2598 de

203 2621 461 2671 Herwagiana
490 2621 613 2673 prima
643 2622 870 2660 diceremus.
929 2622 1049 2659 Sexto
1070 2622 1235 2672 denique
1267 2630 1371 2659 tomo
1400 2623 1484 2659 haec
1510 2623 1650 2660 insunt.

202 2683 372 2720 Primum
393 2690 514 2720 totum
536 2683 731 2734 specimen
754 2683 1027 2721 Demosthenis
1061 2683 1260 2734 recogniti,
1278 2684 1326 2720 de
1346 2697 1420 2733 quo
1441 2690 1529 2720 ante
1547 2683 1650 2721 dice-

201 2746 338 2782 bamus
360 2744 405 2782 A.
424 2747 538 2783 1569.
561 2745 767 2795 proditum,
787 2745 851 2782 hic
881 2745 1070 2790 iteratum,
1094 2759 1140 2782 ne
1170 2745 1279 2782 litera
1300 2746 1452 2795 quidem
1484 2752 1649 2791 mutata;

204 2806 346 2844 deinde
375 2813 561 2844 annotatt.
591 2807 722 2843 Wolfii
751 2807 800 2843 ad
830 2820 961 2844 omncs
992 2807 1262 2844 Demosthenis
1291 2815 1329 2845 et
1350 2808 1536 2845 AEschinis
1567 2822 1650 2847 ora-

203 2870 338 2907 tiones.
359 2875 441 2920 post
466 2869 580 2906 variae
608 2869 791 2906 lectiones
826 2868 942 2906 totius
977 2869 1099 2919 operis
1127 2869 1415 2907 Deniostlienici
1448 2883 1468 2907 o
1489 2878 1651 2920 quatuor

205 2931 362 2978 diversis
385 2931 581 2970 codicibus
601 2930 787 2969 collectae.
818 2930 915 2967 Sunt
934 2930 986 2967 illi
1002 2938 1164 2980 quatuor
1184 2930 1339 2968 codices
1361 2931 1478 2969 editio
1496 2932 1648 2978 Aldina,
