1824 3171
183 146 279 172 ccxx
559 134 783 175 STOCKII
815 133 1227 174 PRAEFATIONES

183 231 352 271 tissimus
384 232 524 286 quippe
546 235 750 288 Inter-pres,
775 237 823 274 ab
857 237 1036 275 Auctoris
1055 237 1176 276 latere
1202 250 1251 276 ne
1276 242 1461 288 punctum
1481 235 1636 287 quidem

186 295 368 346 temporis
390 297 572 336 dimoveri
593 312 677 336 sese
697 311 842 349 passus,
857 312 933 336 non
953 299 1161 337 sententias
1181 297 1422 336 solummodo
1441 296 1638 348 appendit,

186 371 320 395 verum
347 359 461 396 etiam
487 360 612 398 verbis
640 366 865 398 annumerat
893 360 1032 410 ubique
1060 361 1200 405 verba;
1232 360 1477 410 eundemque
1505 357 1639 395 dictio-

187 432 278 456 num
299 420 470 458 ordinem
498 428 576 458 tam
604 421 715 459 anxie
744 426 898 470 tamque
931 420 1177 470 pertinaciter
1208 427 1419 465 conservat,
1449 426 1491 456 ut
1519 431 1642 469 saepe-

187 494 346 518 numero
368 482 481 519 etiarn
501 482 718 525 obscurum,
739 480 935 518 horridum
957 489 1060 518 certe
1081 488 1119 518 et
1139 481 1389 531 incomptum,
1411 480 1519 517 nobis
1536 479 1641 516 exhi-

188 543 280 580 beat
297 542 514 581 Oratorem.
546 542 766 586 Enimvero,
786 541 890 591 quod
910 542 959 578 ad
980 541 1093 578 situm
1113 542 1483 591 collocationemque
1505 541 1642 578 attinet

188 603 404 648 verborum,
436 617 522 641 cum
553 610 698 640 temere
732 609 771 640 et
800 603 945 653 absque
976 603 1206 640 necessitate
1239 605 1286 640 ab
1322 602 1551 652 exemplaris
1583 601 1642 640 sui

189 662 312 701 forma
330 663 590 701 recedendum
617 677 693 701 non
719 662 779 708 sit,
810 663 978 700 dandum
1007 670 1134 701 tamen
1165 663 1309 715 aliquid
1333 663 1481 700 aurium
1500 669 1558 700 est
1576 675 1643 699 vo-

186 724 335 775 luptati,
369 738 496 776 neque
525 724 855 770 committendum,
883 732 925 762 ut
944 724 1168 775 scrupulosa
1195 732 1234 762 ct
1262 724 1388 762 servili
1415 723 1642 768 imitatione,

189 787 311 823 omnis
331 787 407 832 illa,
434 798 510 837 qua
535 785 649 822 divini
671 799 738 823 nos
758 785 998 837 permulcent
1019 785 1216 831 Oratores,
1246 797 1491 823 numerorum
1510 790 1643 834 pereat

191 847 444 885 concinnitas.

242 908 286 944 In
317 908 546 946 contrariam
579 908 670 946 huic
698 922 848 960 prorsus
878 910 1214 960 reprehensionem
1239 908 1398 947 incurrit
1435 906 1643 957 Dionysius

187 968 411 1007 Lambinus.
468 969 598 1016 Fidus,
621 970 790 1020 elegans,
813 970 996 1016 disertus-13
1026 971 1170 1009 utinam
1191 978 1230 1008 et
1255 982 1430 1021 pressum
1451 967 1578 1005 dicere
1599 967 1644 1003 li-

186 1031 326 1068 cuisset
346 1031 627 1081 Interpretem!
658 1031 804 1068 Verum
825 1035 917 1080 ejus,
938 1046 1013 1083 qua
1031 1033 1233 1083 plurimum
1263 1031 1449 1082 pollebat,
1479 1036 1644 1079 comptae

185 1090 406 1129 Latinitatis
436 1091 576 1138 studio,
607 1091 786 1143 beneque
823 1092 979 1131 dicendi
1015 1093 1127 1144 copia
1156 1093 1196 1130 in
1230 1100 1485 1130 transversum
1520 1097 1644 1135 actus,

187 1160 301 1190 extra
327 1153 484 1191 modum
515 1160 714 1204 metasque
743 1167 876 1191 omnes
905 1155 1090 1200 excurrit,
1120 1163 1160 1192 et
1185 1155 1349 1192 nitorem
1379 1152 1574 1190 AEschinis
1605 1159 1646 1188 et

188 1213 463 1252 Demosthenis
484 1214 669 1259 δεινότητα
691 1214 953 1263 profusissima
972 1216 1174 1252 verborum
1203 1214 1348 1252 luxurie
1373 1213 1515 1264 pariter
1538 1213 1645 1250 labe-

186 1274 360 1312 factavit.
415 1274 548 1311 Ardua
564 1273 798 1324 complanat,
817 1287 952 1324 pressa
972 1275 1119 1320 dilatat,
1139 1275 1261 1312 mollit
1280 1275 1453 1318 incitata;
1474 1274 1644 1323 singulas

186 1335 307 1373 ferme
328 1334 515 1372 dictiones
537 1334 695 1372 Graecas
715 1335 862 1372 duabus
892 1343 959 1373 aut
979 1336 1093 1374 etiam
1114 1336 1285 1387 pluribus
1312 1335 1463 1386 reponit
1482 1335 1644 1381 Latinis,

185 1403 229 1433 ut
249 1395 418 1446 geminet
433 1395 713 1446 propemodum
729 1403 768 1433 et
790 1396 1039 1447 conduplicet
1059 1397 1337 1448 Archetypum.
1395 1396 1512 1437 Quod
1525 1396 1556 1433 si
1575 1409 1645 1433 suo

185 1456 248 1493 hic
280 1456 435 1506 ingenio
469 1456 705 1506 aliquantum
737 1464 839 1494 esset
871 1458 1104 1502 moderatus,
1140 1470 1268 1508 neque
1301 1456 1646 1507 supervagantibus

186 1517 265 1567 ipse
287 1517 450 1554 surculis
470 1516 610 1554 falcem
630 1516 872 1567 denegasset,
895 1532 980 1568 quae
999 1518 1072 1556 fuit
1090 1518 1234 1555 homini
1255 1518 1456 1568 diligentia
1484 1518 1522 1554 in
1543 1530 1646 1555 asse-

184 1577 347 1628 quendis
362 1577 522 1622 Graecis,
541 1585 579 1614 et
595 1577 821 1616 inexhausta
835 1579 1131 1617 lectissimorum
1148 1580 1350 1617 verborum
1369 1579 1495 1629 copia,
1512 1591 1645 1616 omnes

184 1639 362 1689 profecto
381 1639 472 1676 boni
501 1639 724 1689 Interpretis
752 1653 933 1678 numeros
963 1640 1205 1691 explevisset.
1262 1641 1390 1688 Hujus
1422 1639 1536 1689 igitur
1557 1639 1644 1689 Ego

185 1700 323 1737 vinetis
341 1707 494 1750 putator
514 1700 792 1751 qualiscunque
812 1701 979 1739 accessi:
1011 1701 1101 1739 dedi
1129 1714 1301 1752 operam,
1324 1708 1366 1738 ut
1391 1700 1644 1738 luxuriantem

188 1773 274 1798 eam
305 1760 344 1797 in
366 1760 532 1798 dicendo
555 1761 771 1799 ubertatem
808 1762 1047 1813 comprimat,
1079 1769 1118 1799 et
1151 1763 1294 1800 inserta
1326 1762 1432 1812 quasi
1462 1761 1647 1811 depascat

189 1820 338 1857 exilitas
359 1821 575 1859 Wolfiana:
598 1834 723 1872 neque
741 1822 867 1873 siquid
887 1823 925 1859 in
941 1823 1216 1861 Oxoniensium
1231 1823 1438 1860 aliorumve
1450 1822 1645 1872 Interpre-

186 1887 266 1917 tum
283 1881 510 1920 Latinorum
530 1882 709 1932 operibus
728 1884 787 1920 vel
808 1897 850 1921 se
878 1891 1081 1922 venustate
1101 1885 1390 1922 commendaret
1409 1884 1470 1921 vel
1489 1883 1643 1928 robore,

186 1943 395 1981 traducere
422 1944 462 1980 in
490 1952 621 1981 nostra
641 1944 829 1982 dubitavi:
864 1944 917 1982 ita
945 1945 1122 1983 nimirum
1147 1953 1250 1983 ratus
1271 1946 1366 1989 fore,
1397 1952 1440 1981 ut
1461 1944 1647 1981 sincerior

186 2004 305 2042 multo
329 2006 534 2056 puriorque
564 2013 745 2057 exsurgat
771 2006 1054 2057 Interpretatio,
1082 2021 1197 2058 quam
1225 2007 1255 2044 si
1283 2007 1423 2057 ineptae
1452 2005 1645 2044 ambitioni

185 2064 412 2112 velificatus,
445 2080 491 2104 ea
510 2080 595 2117 quae
615 2068 663 2105 ab
684 2067 765 2105 aliis
790 2068 890 2105 bene
919 2068 1024 2106 dicta
1055 2075 1157 2113 sunt,
1179 2069 1312 2105 melius
1341 2067 1424 2118 ipse
1444 2068 1573 2105 dicere
1593 2067 1648 2103 in-

186 2138 336 2163 cassum
357 2128 647 2165 contenderem.
705 2127 833 2165 Multa
853 2128 968 2166 etiam
988 2128 1036 2166 ad
1065 2142 1133 2166 nos
1163 2128 1366 2166 commoda
1395 2127 1537 2164 invexit
1558 2140 1646 2165 cum

188 2187 341 2225 Gallica
367 2188 635 2238 Interpretatio
656 2188 855 2234 Tourellii,
887 2197 967 2227 tum
996 2203 1086 2227 vero
1115 2188 1397 2240 spectatissima
1424 2188 1489 2225 illa
1509 2187 1646 2226 Versio

189 2247 302 2291 Itala,
323 2249 371 2286 ab
401 2249 564 2287 Hieron.
595 2250 727 2295 Ferro,
758 2249 944 2288 Senatore
964 2251 1130 2295 Veneto,
1161 2250 1401 2295 concinnata,
1434 2262 1548 2299 quarn
1578 2250 1646 2287 diu

189 2309 404 2360 frustraque
420 2323 443 2348 a
458 2324 519 2348 me
540 2311 751 2362 quaesitam,
770 2311 826 2348 vir
843 2312 1022 2349 comitate
1042 2312 1185 2362 pariter
1206 2318 1245 2349 et
1264 2310 1427 2362 politiori
1448 2311 1647 2348 literatura

190 2369 515 2417 instructissimus,
543 2373 594 2409 A.
623 2371 776 2417 Askew,
806 2371 866 2410 M.
888 2373 938 2410 D.
959 2373 1233 2418 Londinensis,
1263 2385 1428 2419 mecum,
1457 2372 1528 2410 sibi
1555 2372 1647 2410 licet

192 2430 340 2481 ignoto,
364 2446 431 2482 per
452 2433 581 2471 literas
601 2440 771 2483 rogatus,
791 2433 1064 2473 humanissime
1085 2435 1393 2473 communicavit.

242 2492 411 2529 Textum
434 2493 615 2531 Graecum
633 2494 823 2531 AEschinis
845 2508 895 2533 ex
911 2495 1111 2533 luculenta
1125 2496 1304 2534 Editione
1322 2496 1426 2534 Hen.
1443 2495 1645 2547 Stephani,

188 2553 475 2599 Demosthenis,
506 2568 552 2592 ex
585 2568 632 2593 ea
661 2569 775 2605 quam
796 2556 964 2594 Lutetiae
991 2557 1092 2607 typis
1125 2557 1323 2594 mandavit
1348 2557 1580 2602 Benenatus‚
1604 2565 1647 2594 ut

184 2615 390 2667 plurimum
413 2616 609 2666 expressi:
644 2616 793 2654 collatis
822 2617 974 2656 interim
995 2618 1209 2668 diligenter,
1240 2625 1279 2655 et
1307 2618 1493 2667 siquando
1522 2618 1643 2655 visum

185 2684 256 2721 est,
278 2676 470 2721 adhibitis,
498 2678 827 2716 emendationibus
849 2679 907 2717 Cl.
930 2679 1111 2730 Taylori:
1143 2692 1273 2717 verum
1308 2679 1440 2729 paucis
1467 2678 1539 2716 illis
1560 2679 1643 2728 qni-

185 2737 285 2782 dem,
308 2745 347 2775 et
379 2751 525 2775 summa
555 2751 642 2776 cum
672 2739 860 2776 brevitate
889 2739 1110 2790 propositis.
1169 2741 1320 2781 Quotus
1349 2739 1449 2776 enim
1479 2739 1640 2789 quisque

183 2799 371 2836 lectorum
404 2805 475 2843 est,
501 2799 563 2848 qui
597 2798 802 2836 dummodo
828 2799 896 2837 sibi
917 2800 1099 2837 Auctoris
1128 2813 1262 2838 sensus
1292 2799 1427 2844 claros,
1457 2806 1496 2836 et
1516 2800 1643 2849 quoad

184 2859 266 2897 fieri
285 2859 409 2911 potuit
427 2859 650 2906 defaecatos,
675 2860 724 2898 ob
745 2861 879 2899 oculos
899 2861 1023 2907 sistas,
1045 2869 1110 2900 aut
1138 2860 1291 2899 omnino
1312 2867 1433 2907 curat,
1461 2866 1555 2911 quot
1576 2872 1645 2899 eos
