1824 3171
566 195 644 233 AD
675 192 1142 232 DEMOSTHENEM.
1482 190 1587 230 cxliii

127 301 199 340 sed
219 300 382 352 tragicos
407 298 589 350 inprimis,
609 298 724 350 quod,
745 310 822 350 qua
842 309 909 335 eos
937 294 1175 342 assiduitate,
1196 306 1273 345 qua
1299 292 1441 343 ingenii
1469 293 1591 332 felici-

128 371 225 413 tate,
245 376 322 413 qua
333 361 469 411 judicii
490 361 695 399 severitate
717 366 917 405 tractares,
939 364 1156 396 testaretur.
1201 355 1288 393 Erit
1308 355 1397 392 olim
1417 355 1589 406 posteris,

130 438 218 463 cum
238 424 275 461 in
294 424 417 460 lucem
442 423 515 460 illae
536 422 757 473 prodibunt,
778 421 826 459 de
846 434 922 471 quo
944 419 1015 458 sibi
1043 418 1377 470 congratulentur.
1433 416 1590 453 Interim

130 486 291 524 salutem
311 484 449 522 civium
472 491 624 521 tuorum
654 491 732 521 tuae
759 483 847 521 artis
867 481 1052 520 felicitate
1073 481 1206 518 tueris.
1264 478 1391 517 Etiam
1410 477 1485 514 hoc
1507 477 1592 513 Bri·

128 546 294 585 tanniam
313 553 418 584 tuam
439 559 565 592 ornas,
586 546 690 597 quod
716 544 1006 590 bibliothecam,
1027 556 1050 582 a
1068 550 1106 581 te
1126 555 1267 592 magno
1296 546 1436 585 sumtu,
1465 551 1592 589 neque

128 608 274 646 minore
304 608 564 654 contentione,
596 615 635 645 et
664 607 851 645 felicitate
880 607 992 652 adeo,
1024 605 1242 654 collectam,
1271 602 1402 641 usibus
1427 600 1595 638 virorum

129 670 333 708 doctorum
365 670 595 721 patefecisti,
631 677 710 707 tam
743 668 997 720 locupletem,
1027 675 1104 706 tam
1132 668 1360 705 instructam
1395 663 1595 702 codicibus

130 731 270 784 graecis
291 731 493 783 latinisque
515 732 664 770 calamo
683 730 862 776 exaratis,
885 737 923 769 et
944 729 1176 768 editionibus
1189 734 1387 766 auctorum
1408 732 1596 770 veterum,

129 793 398 845 typographiae
419 793 594 831 nascenti
613 793 840 843 aequalibus,
862 792 1033 842 aliisque,
1054 791 1186 842 paullo
1205 789 1359 841 quidem
1380 787 1453 825 illis
1467 786 1596 836 junio-

128 855 246 901 ribus,
267 855 457 894 hactenus
478 862 605 893 tamen
624 854 754 905 magni
782 853 987 899 faciendis,
1018 852 1123 905 quod
1148 852 1342 903 margines
1366 862 1498 888 earum
1529 861 1597 886 seu

129 918 335 956 varietates
353 918 564 956 lectionum
582 931 603 956 e
622 916 733 955 bonis
749 916 909 955 vetustis
927 916 1034 954 libris
1056 915 1284 966 exscriptas,
1304 926 1371 950 seu
1392 912 1596 949 doctorum

124 979 297 1017 vvirorum
318 979 432 1018 scitas
453 979 741 1018 observationes
767 979 998 1029 praese1·ant;
1035 984 1079 1015 ut
1097 984 1223 1015 certus
1242 975 1312 1013 sim
1331 973 1448 1011 hodie
1469 985 1600 1023 super-

133 1054 218 1080 esse
238 1041 425 1092 privatum
451 1041 656 1087 neminem,
676 1040 736 1078 cui
764 1041 839 1078 sint
858 1039 1076 1089 hujusmodi
1098 1038 1218 1090 copiae
1248 1051 1334 1075 cum
1357 1044 1507 1074 tuarum
1528 1047 1597 1072 seu

131 1116 308 1148 numero,
331 1116 398 1140 seu
420 1102 655 1141 excellentia
680 1109 797 1153 atque
821 1102 975 1140 raritate
1003 1100 1288 1152 comparandae.
1345 1099 1451 1140 Quas
1471 1104 1512 1135 tu
1533 1109 1597 1134 co-

132 1164 214 1215 pias
234 1178 312 1201 non
332 1164 483 1215 sepelis,
505 1177 582 1201 non
603 1163 704 1201 domi
724 1163 868 1215 premis
897 1163 1059 1208 invidus,
1087 1162 1157 1200 sed
1184 1160 1334 1211 roganti
1364 1159 1513 1210 cuique,
1534 1158 1599 1209 qui

132 1226 233 1263 bene
253 1225 493 1277 honesteque
514 1226 558 1264 iis
578 1239 717 1263 usurus
734 1238 819 1263 esse
839 1224 1029 1271 videatur,
1050 1223 1235 1276 impertis.
1280 1223 1454 1273 Legetur
1474 1221 1512 1258 in
1532 1234 1601 1259 an-

133 1287 283 1326 nalibus
304 1287 514 1326 litterarum
535 1295 575 1326 et
603 1288 759 1325 tolletur
779 1300 922 1325 nomen
942 1295 1068 1335 tuum,
1097 1286 1249 1338 piisque
1275 1299 1345 1337 pro
1373 1284 1497 1323 salute
1518 1291 1598 1330 tua,

134 1350 262 1388 donec
283 1350 484 1401 supereris,
506 1350 765 1388 cumulabitur
784 1350 894 1396 votis,
923 1356 962 1388 et
988 1350 1028 1387 in
1058 1349 1173 1387 famae
1202 1347 1464 1400 perpetuitate
1483 1346 1601 1392 vivet,

133 1411 284 1462 quoties
300 1425 320 1449 e
335 1413 439 1463 gazis
457 1413 529 1450 tuis
544 1413 774 1464 praeclarum
790 1413 883 1464 quid
899 1413 1136 1464 proferetur,
1153 1420 1196 1451 ut
1214 1425 1338 1464 nuper
1353 1411 1448 1449 fecit
1460 1409 1602 1461 sempi-

132 1480 258 1512 ternae
277 1474 329 1512 vir
349 1474 716 1520 memoriae,'amicus
736 1483 879 1522 noster,
900 1475 939 1512 in
960 1475 1163 1514 Herodoto
1183 1488 1265 1521 suo,
1287 1475 1427 1513 Petrus
1445 1473 1604 1510 VVesse-

134 1535 290 1586 lingius.
347 1536 586 1574 Laudiorum
601 1549 714 1587 quam
735 1537 904 1583 celebre,
927 1552 1041 1589 quam
1060 1551 1230 1589 perenne
1250 1537 1298 1574 sit
1317 1549 1471 1580 nomen,
1492 1535 1604 1572 Pem-

135 1597 370 1644 brokiorum,
393 1599 670 1650 Bodleyorum,
701 1598 970 1646 Seldenorum,
994 1600 1275 1645 Cottoniorum,
1299 1598 1603 1643 Bernardorum,

137 1664 232 1710 quos
252 1660 424 1707 imitaris,
446 1675 604 1713 ecquem
634 1662 734 1714 fugit
752 1661 765 1700 ?
799 1662 922 1700 Verus
941 1662 1004 1701 hic
1026 1669 1086 1700 est
1106 1669 1144 1701 et
1163 1674 1273 1713 paene
1293 1661 1396 1699 solus
1416 1658 1605 1708 ejusmodi

138 1734 254 1772 opum
276 1736 366 1761 usus
388 1731 426 1761 et
446 1723 609 1769 fructus,
632 1738 719 1762 cum
739 1731 988 1763 monumenta
1007 1730 1096 1762 sunt
1117 1723 1164 1762 de
1184 1723 1324 1760 virtute
1346 1721 1604 1766 dominorum,

139 1782 189 1820 de
209 1784 408 1834 sapientia,
426 1793 465 1824 et
483 1786 684 1832 industria,
707 1795 747 1826 et
767 1787 1022 1833 officiositate,
1043 1794 1082 1825 et
1102 1787 1262 1826 caritate
1283 1786 1429 1838 patriae,
1452 1792 1491 1824 et
1512 1797 1605 1824 cura

138 1846 349 1901 constantis
371 1848 504 1899 gloriae
524 1856 564 1887 et
590 1850 827 1901 providentia
854 1850 1104 1902 posteritatis,
1125 1849 1311 1888 testantia
1329 1848 1466 1899 magiS‚
1487 1861 1604 1899 quam

140 1907 189 1946 de
209 1908 371 1948 fortunis
387 1925 397 1956 ;
436 1925 524 1949 cum
542 1912 683 1951 horrea
701 1920 788 1952 sunt
809 1920 849 1952 et
874 1913 1038 1951 armaria
1056 1914 1171 1951 bonae
1190 1911 1342 1957 mentis,
1371 1924 1459 1949 curn
1478 1910 1607 1948 fontes

139 1971 294 2021 publici,
325 1986 400 2011 non
422 1975 582 2014 materia
602 1976 735 2014 otiosae
765 1982 804 2014 et
832 1975 966 2013 inertis
987 1975 1201 2024 jactantiae,
1222 1988 1300 2012 non
1320 1973 1419 2012 stela
1438 1972 1606 2018 infamis,

140 2032 331 2072 inscitiam
351 2035 527 2083 dominis,
549 2045 587 2076 et
605 2039 828 2084 vanitatem,
850 2045 890 2076 et
908 2037 1171 2084 invidentiam,
1195 2044 1233 2074 et
1250 2035 1550 2074 illiberalitatem
1569 2041 1610 2073 et

141 2096 329 2150 ‹ipo-volan
341 2101 575 2149 exprobrans
589 2117 598 2146 ;
617 2114 694 2140 non
708 2108 880 2151 paratum
893 2101 1084 2138 vermibus
1100 2107 1216 2150 atque
1230 2099 1399 2136 muribus
1411 2097 1607 2149 pabulum,

142 2170 220 2195 non
249 2160 382 2209 praeda
400 2162 616 2207 vetustatis,
640 2163 741 2200 ultro
772 2175 849 2208 eas,
880 2162 1030 2200 etiamsi
1058 2162 1144 2199 aliae
1169 2161 1299 2199 clades
1320 2167 1436 2211 atque
1457 2159 1608 2210 injuriae

140 2219 276 2265 absint,
299 2228 426 2260 tamen
441 2224 545 2262 lento
566 2224 762 2276 tacitoque
783 2225 901 2263 dente
922 2224 1155 2275 depasturae.
1186 2223 1296 2261 Male
1317 2222 1493 2273 profecto
1515 2234 1608 2260 vera

142 2295 222 2319 suae
242 2284 375 2333 gloriae
396 2293 591 2324 momenta
619 2294 767 2333 tenent,
794 2287 896 2324 male
924 2285 1195 2324 existimationi
1221 2299 1300 2323 suae
1330 2285 1546 2331 consulunt,
1575 2283 1608 2322 si

145 2345 209 2396 qui
231 2348 450 2397 petentibus
472 2350 698 2388 chartaceos
723 2363 812 2388 suos
837 2350 1037 2388 thesauros
1068 2349 1290 2393 occludunt,
1315 2348 1422 2385 brevi
1453 2354 1537 2398 post
1557 2347 1609 2385 ab

143 2407 225 2458 ipsa
241 2417 433 2448 vetustate
454 2411 688 2463 dilapsuros;
720 2426 807 2464 quae
826 2419 1010 2458 vetustas,
1032 2411 1103 2449 nisi
1123 2411 1312 2450 continuis
1333 2411 1539 2449 doctorum
1553 2409 1609 2447 vi-

146 2483 272 2508 rorum
296 2473 467 2511 manibus
488 2475 726 2525 detergatur,
748 2474 986 2525 assiduisque
1012 2473 1217 2511 multorum
1242 2471 1461 2510 rimantium
1481 2478 1519 2510 et
1540 2484 1611 2509 ex-

146 2533 398 2572 scribentium
415 2537 551 2574 studiis
566 2537 779 2575 identidem
792 2544 1046 2587 regeneretur
1062 2536 1183 2587 quasi,
1198 2534 1486 2585 ministerioque
1499 2541 1612 2585 typo-

147 2607 232 2632 rum
252 2597 303 2633 ad
323 2599 575 2637 remotissima
589 2599 734 2644 secula,
749 2599 869 2636 nitida
887 2612 1038 2650 semper
1056 2606 1095 2636 et
1114 2597 1263 2636 recenti
1278 2597 1420 2634 florens
1435 2598 1613 2647 juventa,

148 2668 396 2710 propagetur,
418 2675 503 2699 cum
524 2662 607 2713 ipsa
626 2669 750 2701 semet
767 2662 947 2708 absumit,
962 2668 1075 2713 atque
1094 2662 1134 2699 in
1154 2662 1303 2699 cineres
1324 2660 1517 2705 dilabitur,
1531 2666 1613 2697 tum

150 2720 311 2769 gloriam
339 2723 582 2773 pristmorum
611 2724 853 2763 conditorum
880 2731 998 2775 atque
1027 2737 1288 2776 possessorum
1323 2736 1452 2761 secum
1480 2721 1612 2759 trahit.

150 2780 352 2821 Musarum
374 2799 484 2836 paene
505 2786 626 2824 ausim
648 2787 851 2825 Alastoras
871 2786 1057 2836 ejusmodi
1078 2786 1274 2837 appellare
1294 2785 1521 2837 pestilentes
1541 2784 1611 2821 ho-

151 2842 285 2889 mines,
306 2846 518 2885 litterarum
538 2849 664 2887 lucem
685 2849 993 2900 exstinguentes.
1024 2849 1252 2900 Cujusmodi
1272 2848 1309 2885 in
1333 2854 1458 2898 pestes
1479 2854 1520 2883 ut
1540 2845 1612 2882 ite-

154 2916 234 2942 rum
254 2913 370 2957 atque
389 2909 526 2947 iterum
545 2910 702 2962 impegi,
715 2911 768 2949 ita
787 2923 918 2949 rursus
935 2911 984 2949 de
1005 2910 1158 2949 edendo
1180 2911 1445 2948 Demosthene
1466 2907 1612 2945 delibe-

153 2974 304 3006 rantem
324 2983 409 3009 mea
429 2985 490 3011 me
505 2974 678 3017 secunda
693 2973 848 3013 fortuna
868 2973 1093 3026 proceribus
1110 2973 1347 3025 Augustanae
1367 2970 1462 3022 reip.
1485 2968 1613 3008 Oeffe-
