1824 3171
470 149 543 186 AD
576 148 731 188 SUUM
763 150 1054 188 DEMOSTH.
1087 149 1374 189 PRAEFATT.
1585 152 1643 189 xlv

207 259 409 304 spectetur,
430 263 505 289 non
527 252 627 303 vulgi
649 252 863 303 applausus,
879 252 943 304 qui
962 252 1121 290 multum
1154 266 1175 289 a
1189 253 1334 301 judicio
1355 254 1549 291 doctorum
1569 254 1645 292 dis-

204 316 314 360 sidet,
335 314 564 352 antecellat:
596 321 723 352 tamen
743 322 785 352 ut
804 315 868 353 illa
883 315 964 365 ipsa
976 315 1105 352 Venus
1126 315 1243 351 multo
1263 315 1364 351 haud
1385 315 1496 352 dubie
1512 316 1644 354 fuisset

205 374 471 420 admirabilior,
493 375 524 411 si
555 389 688 412 manus
721 376 834 413 etiam
863 383 902 413 et
929 376 1046 426 pedes
1076 389 1121 413 ac
1151 383 1290 412 caetera
1322 376 1491 412 membra
1519 377 1644 413 omnia

203 436 283 487 pari
302 436 503 474 elaborata
516 436 677 474 artificio
698 437 949 475 accessissent
966 452 975 474 ε
1006 437 1061 474 sic
1081 450 1127 473 ea
1144 449 1294 486 quoque
1315 436 1530 486 eloquentia
1549 437 1644 473 mul-

202 504 241 535 to
270 498 518 548 praestabilior
537 504 606 543 est,
633 512 718 549 quae
739 512 813 535 non
835 499 1068 537 dimidiatam
1089 499 1274 535 duntaxat
1305 498 1556 535 elocutionem
1576 499 1644 536 ha-

201 559 281 604 bet,
297 559 372 597 hoc
393 566 463 605 est,
482 560 684 597 verborum
705 566 743 596 et
762 561 1037 598 sententiarum
1067 567 1300 604 ornamenta,
1322 560 1390 597 sed
1418 559 1642 610 perfectam,

202 633 288 670 quae
308 620 503 658 sententiis
520 628 559 658 et
578 621 810 671 argumentis
830 621 975 659 ratione
1004 622 1165 660 inventis
1195 628 1309 672 atque
1331 621 1461 659 ordine
1482 621 1646 658 colloca-

202 682 261 727 tis,
281 695 356 719 non
375 690 499 720 mutas
518 683 658 733 figuras
678 683 884 730 literarum,
905 684 974 721 sed
994 698 1142 732 vocem,
1164 685 1319 729 cultum,
1340 690 1487 733 gestum
1508 689 1547 720 et
1565 695 1644 719 mo-

202 750 282 781 tum
302 744 415 782 totius
442 745 605 795 corporis
626 745 869 784 artificiosum
886 753 924 783 et
941 746 1156 794 decentem,
1176 745 1441 785 accommodat
1460 752 1498 782 et
1518 744 1648 794 adjun-

202 805 271 855 git.
328 806 466 857 Neque
485 807 570 844 haec
589 807 627 844 in
647 808 877 846 orationibus
908 809 1035 853 modo,
1067 808 1134 846 sed
1162 809 1200 845 in
1229 807 1413 859 poematis
1443 807 1568 852 etiam,
1598 820 1645 844 ac

202 868 324 905 multo
353 869 485 919 magis,
515 869 763 908 animadverti
791 877 960 921 possunt.
1017 871 1218 921 Virgilium
1239 870 1338 907 enim
1360 870 1416 920 (ut
1443 882 1518 906 non
1538 869 1646 919 igno-

202 928 288 966 bilis
307 929 545 979 grammatici
572 931 697 967 verbis
719 932 814 980 utar)
841 932 1110 982 pronunciasse
1139 932 1302 969 maxima
1325 930 1511 968 suavitate
1540 943 1650 968 acce-

203 989 340 1040 pimus,
363 998 401 1028 et
420 991 520 1029 miris
539 992 763 1031 lenociniis:
793 1005 839 1031 ac
867 993 1014 1030 Juliuin
1043 993 1231 1043 quendam
1257 993 1485 1030 Montanum
1517 992 1646 1029 dicere

202 1052 368 1097 solitum,
400 1053 654 1090 involaturum
692 1067 732 1091 se
768 1055 942 1104 quaedam
975 1055 1147 1104 Virgilio,
1174 1055 1204 1092 si
1237 1061 1275 1092 et
1292 1067 1423 1091 vocem
1444 1060 1585 1104 posset,
1608 1060 1647 1091 et

203 1126 257 1157 os,
279 1120 317 1150 et
336 1113 583 1163 hypocrisim.
630 1115 798 1152 Eosdem
820 1115 917 1152 enim
939 1128 1069 1152 versus
1090 1129 1136 1153 eo
1157 1116 1445 1166 pronunciante,
1466 1115 1565 1152 bene
1585 1129 1646 1152 so-

201 1186 312 1211 nare:
342 1173 423 1211 sine
450 1175 527 1220 illo,
548 1175 763 1213 inarescere
784 1176 890 1226 quasi
910 1183 1048 1213 mutos.
1106 1177 1208 1219 Quid
1227 1180 1305 1224 jam
1327 1176 1374 1213 de
1396 1176 1648 1213 conversioni-

201 1235 271 1272 bus
291 1242 348 1273 est
367 1236 600 1274 dicendum?
629 1251 715 1288 quae
737 1251 822 1275 cum
842 1242 900 1286 (ut
920 1238 973 1276 ita
992 1237 1129 1288 dicam)
1150 1238 1340 1276 simulacri
1367 1237 1579 1282 simulacra,
1608 1244 1648 1274 et

201 1298 418 1335 umbrarum
437 1300 581 1336 umbrae
600 1299 686 1345 sint,
715 1312 762 1337 an
782 1299 865 1337 fieri
896 1300 974 1337 ullo
1003 1300 1119 1337 modo
1149 1300 1280 1351 possit,
1310 1307 1352 1336 ut
1385 1299 1503 1349 (quod
1532 1299 1645 1349 paulo

201 1365 289 1396 ante
310 1359 404 1409 dixi)
425 1360 567 1410 optimo
589 1361 810 1412 exemplari,
831 1361 911 1411 pari
932 1369 970 1399 et
990 1362 1161 1399 bonitate
1182 1368 1219 1399 et
1238 1360 1310 1398 fide
1332 1361 1473 1411 optima
1492 1374 1648 1411 respon-

202 1421 330 1466 deant,
352 1422 527 1473 equidem
547 1423 688 1461 nescio.
747 1423 802 1462 Ut
821 1423 921 1461 enim
950 1424 1124 1469 nationis,
1146 1424 1200 1461 sic
1221 1423 1334 1461 etiam
1354 1423 1493 1472 linguae
1522 1424 1646 1472 cujus-

201 1496 274 1533 que
294 1484 496 1533 peculiaris
517 1492 556 1522 et
576 1485 712 1522 alicubi
730 1498 880 1535 prorsus
901 1493 957 1523 est
986 1486 1216 1523 inimitabilis
1238 1484 1397 1528 Genius,
1418 1483 1554 1521 diversi
1571 1496 1651 1520 mo-

202 1558 276 1590 res,
299 1546 447 1584 diversa
465 1547 638 1584 instituta
659 1555 697 1584 et
717 1561 820 1598 saepe
840 1548 1040 1592 contraria,
1062 1562 1147 1598 quae
1168 1560 1323 1585 necesse
1350 1554 1408 1584 est
1438 1546 1552 1583 etiam
1579 1559 1647 1583 suo

179 1654 181 1657 .
202 1608 368 1657 quodam
386 1609 564 1646 orationis
584 1623 727 1659 genere
748 1609 946 1659 explicari,
967 1624 1052 1659 quae
1072 1610 1147 1647 suis
1166 1610 1290 1647 verbis
1307 1609 1494 1658 jucunde,
1515 1607 1647 1645 alienis

202 1669 362 1707 moleste
390 1670 578 1708 dicuntur.
647 1670 761 1712 Quod
791 1670 821 1707 si
847 1684 916 1721 pro
949 1671 1083 1708 iisdem
1115 1671 1250 1708 similia
1280 1670 1371 1708 velis
1405 1669 1648 1714 substituere,

202 1731 366 1768 maxima
384 1739 512 1769 tamen
530 1731 602 1769 erit
620 1731 860 1769 nihilominus
875 1732 912 1768 in
935 1745 980 1769 ea
999 1731 1241 1770 similitudine
1259 1730 1532 1769 dissimilitudo.
1573 1730 1651 1768 Sed

202 1801 246 1831 ut
265 1794 342 1832 hoc
363 1794 559 1831 Ciceronis
581 1793 763 1831 divinitati
790 1793 932 1844 ingenii
952 1801 990 1831 et
1007 1795 1153 1831 meritae
1172 1793 1363 1831 autoritati
1380 1793 1540 1830 fortasse
1559 1806 1650 1830 con-

204 1869 355 1894 cessum
373 1855 457 1901 fuit,
485 1863 600 1907 atque
621 1856 703 1893 aliis
729 1856 903 1906 ejusdem
932 1856 1068 1901 aetatis,
1089 1869 1163 1907 qua
1183 1863 1222 1893 et
1242 1868 1367 1906 graeca
1388 1862 1425 1892 et
1444 1855 1562 1892 latina
1580 1854 1650 1891 lin-

203 1930 282 1968 gua
301 1917 523 1963 floruerunt,
551 1917 872 1967 praestantissimis
899 1917 1008 1955 viris:
1049 1918 1102 1955 ita
1131 1917 1251 1962 nobis,
1279 1916 1342 1967 qui
1362 1916 1558 1966 utriusque
1577 1915 1653 1953 fra-

205 1985 362 2028 gmenta
380 1978 415 2015 in
435 1978 585 2029 scriptis
605 1979 789 2016 habemus
812 1979 966 2029 reliqua,
988 1979 1051 2029 qui
1079 1979 1225 2029 magnis
1246 1978 1531 2015 difficultatibus
1561 1990 1652 2014 con-

205 2041 409 2086 flictamur,
429 2041 519 2077 illud
547 2041 649 2087 satis,
670 2042 814 2092 opinor,
835 2055 919 2079 esse
938 2041 1066 2086 debet,
1088 2041 1118 2078 si
1136 2041 1343 2079 sententias
1363 2041 1464 2078 bona
1483 2040 1572 2084 fide,
1590 2053 1651 2077 eo-

207 2102 370 2152 demque
391 2101 523 2139 ordine
543 2102 850 2152 appenderimus,
868 2110 907 2139 et
926 2116 1046 2152 genus
1076 2102 1254 2139 orationis
1273 2101 1386 2139 facile
1407 2109 1446 2138 et
1466 2101 1651 2138 mundum

207 2162 516 2200 adhibuerimus:
546 2163 584 2199 in
603 2176 762 2213 quorum
790 2171 951 2213 utroque
981 2177 1057 2201 non
1086 2176 1203 2214 parva
1233 2170 1339 2200 certa
1358 2170 1415 2200 est
1436 2162 1651 2200 difficultas.

209 2225 288 2262 Sed
307 2224 343 2261 in
364 2225 591 2274 eloquendo,
612 2238 725 2275 quam
754 2225 1016 2275 intelligendo,
1046 2225 1161 2275 longe
1187 2226 1319 2274 major.
1375 2226 1503 2266 Quare
1523 2224 1650 2261 valere

207 2299 273 2323 eos
299 2286 416 2336 jubeo
438 2288 539 2336 (nam
561 2286 609 2323 ob
625 2285 856 2336 paucitatem
874 2292 911 2323 et
929 2286 1117 2336 ignaviam
1138 2286 1258 2323 minor
1277 2299 1407 2323 eorum
1430 2285 1547 2322 debet
1566 2298 1650 2322 esse

208 2348 488 2398 autoritas),qui
502 2360 523 2385 a
539 2361 749 2397 graecarum
764 2347 955 2385 literarum
971 2347 1241 2399 interpretibus
1258 2347 1398 2397 ubique
1412 2347 1653 2397 splendorem

210 2409 518 2454 Ciceronianum,
545 2410 620 2447 hoc
640 2415 707 2454 est,
729 2422 866 2458 aquam
894 2422 915 2446 e
935 2409 1099 2459 pumice,
1129 2416 1278 2460 petunt.
1333 2409 1449 2451 Quasi
1470 2422 1559 2447 vero
1589 2421 1653 2446 ea·

210 2472 298 2509 dem
319 2471 393 2509 sint
418 2478 590 2522 tempora
615 2477 757 2515 nostra,
783 2484 868 2521 quae
896 2471 1116 2508 Ciceronis:
1147 2478 1185 2509 et
1211 2484 1287 2508 non
1313 2470 1406 2508 illud
1425 2483 1576 2520 quoque
1604 2469 1653 2506 sit

210 2549 337 2586 operae
364 2535 540 2585 pretium,
571 2533 748 2582 adjuvare
776 2533 949 2571 homines
977 2533 1179 2578 studiosos,
1198 2528 1249 2570 'ut
1270 2532 1429 2584 primum
1450 2545 1518 2582 per
1537 2532 1653 2569 inter-

208 2602 368 2647 pretem,
400 2603 594 2646 utcunque
623 2595 740 2632 latine
771 2595 1047 2632 balbutientem
1081 2595 1239 2632 audiant
1269 2594 1582 2638 Demosthenem,
1612 2600 1651 2630 et

209 2665 290 2694 tum
320 2657 358 2694 in
387 2657 498 2694 litore
524 2655 772 2701 balbutiebat‚
803 2662 1005 2706 antequam
1025 2656 1085 2702 ἧκε
1105 2659 1222 2708 φέρων
1240 2659 1279 2694 τὸ
1300 2674 1319 2708 ρ
1342 2657 1652 2708 ῥερητορευμέινον,

210 2718 347 2769 lapillis
372 2718 512 2768 linguae
544 2718 753 2767 subjectis:
783 2724 870 2768 post
895 2717 1007 2755 etiam
1033 2717 1212 2768 expedite
1242 2725 1280 2755 et
1310 2730 1448 2767 magna
1465 2716 1501 2753 vi
1522 2716 1556 2752 in
1579 2715 1652 2751 fre-

210 2780 364 2829 quentia
382 2780 512 2831 populi
533 2779 778 2818 Atheniensis
799 2780 924 2817 Attice
940 2779 1230 2817 concionantem
1244 2779 1434 2816 audituri?
1490 2776 1603 2819 Quod
1623 2775 1653 2812 si

214 2842 321 2878 nefas
353 2855 436 2879 esse
466 2848 611 2892 putant,
643 2841 891 2879 contaminari
924 2841 1022 2878 male
1056 2840 1308 2878 describendo
1338 2839 1651 2882 Demosthenem,

214 2902 374 2954 primum
395 2905 441 2942 ab
460 2903 512 2941 eis
531 2904 732 2955 postulabo
748 2905 832 2954 jure
853 2903 1007 2954 optimo,
1025 2909 1066 2941 ut
1084 2916 1142 2949 ea,
1162 2916 1246 2954 quae
1267 2900 1564 2952 reprehendunt,
1585 2898 1653 2950 ipsi
