1824 3171
511 165 730 204 ERASMI
762 163 1151 203 ROTERODAMI
1182 163 1256 201 AD
1285 169 1358 204 Sco:
1613 180 1664 204 xv

223 268 348 309 cunda
375 274 506 305 contra
533 267 771 319 Philippum:
798 269 840 304 οὒ
868 269 941 317 γὰρ
961 268 1144 318 ἀσφαλεῖς
1172 271 1254 308 ταῖς
1273 267 1478 310 πολιτείαις
1506 269 1544 305 αἶ
1574 269 1663 319 πρὸς

217 329 300 371 τούς
319 333 519 378 τυράννους
547 326 655 365 αὗται
685 331 775 364 λίαν
794 329 949 378 ὁμιλίαι.
969 328 1044 365 hoc
1066 333 1134 371 est,
1157 340 1234 364 non
1262 327 1365 365 enim
1386 334 1478 364 tutae
1499 338 1587 366 sunt
1606 343 1666 367 re-

218 389 393 440 buspubl.
424 389 549 426 nimiae
573 389 634 426 hae
660 402 744 426 cum
776 388 947 439 tyrannis
967 388 1279 426 consuetudines.
1335 388 1386 425 Et
1416 389 1528 438 paulo
1556 399 1665 439 post:

218 452 260 489 ἓν
278 450 319 487 δέ
336 467 370 488 τι
386 451 505 488 κοινὸν
517 468 538 495 η
557 450 665 501 φύσις
681 456 752 487 τῶν
765 452 1033 501 εὐψρονούντων
1049 449 1087 486 ἐν
1104 450 1214 503 ἑαυτῆ
1231 448 1392 495 κέκτηται
1408 452 1667 500 φυλακτήριον,

219 512 238 549 ὃ
264 516 356 549 πᾶσι
377 513 445 562 μέν
466 512 566 549 ἐστιν
586 510 751 559 ἀγαθὸν,
772 513 833 548 καὶ
853 513 1041 561 σωτήριον,
1057 513 1222 561 μάλιστα
1243 510 1284 547 δὲ
1304 516 1380 552 τοῖς
1400 509 1560 555 πλήθεσι
1580 512 1669 562 πρὸς

218 588 303 616 Τθυς
323 574 534 624 Τυράννῦυς”
556 589 587 610 Τί
615 579 680 611 ol'Jv
700 574 776 610 ἐστι
795 580 920 616 rofir0;
948 574 1118 610 ἀπιστία.
1140 575 1277 617 Ταύῒην
1278 574 1505 657 αφυλάΤΤξΥἱ,
1534 588 1669 617 Ταυΐης

216 634 439 686 ἀντέχεσθε.
458 635 522 672 ἐὰν
541 638 678 680 ταύτην
708 637 853 681 σώζητε,
876 634 1021 672 οὐδὲν
1003 634 1119 672 ιεινὸν
1138 650 1188 684 μη
1217 632 1375 680 πάθητε·
1397 637 1430 671 τί
1450 650 1514 670 ουν
1533 635 1670 679 ζητεῖτε

218 695 320 746 ἔφην.
339 695 565 747 ἐλευθερίαν.
585 695 646 734 εἶτ’
664 697 735 747 οὐχ
750 697 853 746 ὁρᾶτε
876 696 1056 748 φίλιππον
1076 694 1375 745 ἀλλοτριωτάτας
1390 695 1504 746 ταύτῃ
1524 697 1583 731 καὶ
1600 697 1669 737 τεὶς

216 758 468 809 προσηγορίας
483 757 620 812 ἔχοντα
634 773 643 802 ;
659 756 842 804 βασιλεὺς
855 760 927 808 γὰρ
944 759 1002 794 καὶ
1017 758 1192 808 τύραννος
1209 759 1312 798 ἅπας
1331 754 1467 807 ἐχθρός
1482 755 1669 806 ἐλευθερίᾳ

217 821 274 856 καὶ
293 822 418 870 νόμοις
437 820 618 862 ἐναντίος.
648 819 722 856 hoc
752 826 823 864 est,
850 831 1051 857 commune
1072 831 1163 856 vero
1190 817 1386 869 quoddam
1417 824 1552 854 natura
1581 830 1668 867 pru-

218 879 375 917 dentum
389 881 562 932 possidet
577 881 613 918 in
626 894 667 919 se
685 887 871 927 tutamen,
885 880 989 932 quod
1008 881 1149 918 bonum
1164 879 1340 917 omnibus
1354 886 1424 923 est,
1438 885 1476 916 et
1489 879 1669 922 salutare,

215 942 382 979 maxime
395 950 524 980 autem
539 943 691 993 populis
708 943 889 980 adversus
905 949 1087 994 tyrannos
1102 955 1111 979 ι
1132 941 1326 992 quodnam
1344 939 1461 990 igitur
1476 940 1570 977 illud
1586 940 1669 977 est?

216 1003 480 1049 incredulitas,
498 1004 599 1041 hanc
614 1004 819 1050 custodite,
837 1005 938 1043 hanc
954 1003 1273 1055 complectimini:
1294 1001 1325 1039 si
1344 1001 1445 1040 hanc
1464 1002 1669 1047 servaritis,

216 1063 311 1100 nihil
330 1064 482 1101 adversi
498 1065 706 1114 patiemini.
744 1066 848 1107 Quid
868 1066 983 1115 igitur
999 1065 1179 1115 quaeritis,
1201 1064 1355 1113 inquam
1368 1063 1386 1099 Ρ
1415 1063 1670 1100 Libertatem.

215 1123 356 1161 Nonne
383 1125 518 1162 videtis
542 1125 760 1176 Philippum
787 1125 1035 1163 alienissimas
1064 1125 1112 1162 ab
1146 1137 1192 1162 ea
1210 1124 1271 1161 vel
1300 1124 1574 1173 appellationes
1603 1124 1671 1160 ha-

216 1185 399 1222 bentem?
428 1186 548 1223 omnis
569 1186 670 1224 enirn
690 1200 754 1224 rex
776 1193 814 1223 et
840 1193 1023 1237 tyrannus
1052 1185 1223 1222 inimicus
1244 1190 1301 1223 est
1326 1185 1500 1229 libertati,
1524 1192 1562 1222 et
1579 1197 1670 1222 con-

216 1246 353 1284 trarius
372 1247 535 1297 legibus.
592 1248 729 1286 Habes
748 1248 864 1298 igitur
884 1247 1052 1291 tandem,
1082 1247 1130 1283 mi
1154 1247 1255 1285 Clari
1284 1248 1331 1285 ab
1350 1247 1450 1284 Aldo
1476 1252 1554 1290 tuo,
1576 1259 1670 1296 quas

209 1308 358 1356 jamdiu
391 1309 616 1347 desiderasti
646 1309 918 1347 Demosthenis
947 1308 1152 1354 orationes,
1181 1308 1300 1346 habet
1331 1309 1422 1345 urbs
1455 1306 1670 1357 Epidaurus

217 1382 332 1420 quem
361 1369 501 1408 debeat
529 1371 671 1409 librum
699 1371 750 1408 ad
778 1384 886 1408 suam
920 1370 1122 1408 utilitatem
1156 1376 1346 1407 nocturna
1364 1381 1515 1407 versare
1541 1381 1668 1413 manu,

215 1443 369 1469 versare
387 1432 534 1477 diurna,
555 1432 702 1470 habent
714 1439 752 1470 et
772 1439 922 1470 caeterae
941 1432 1112 1482 respubl.
1128 1430 1450 1481 quemadmodum
1463 1430 1671 1481 prudenter

217 1505 259 1530 se
271 1505 422 1543 regere,
436 1493 724 1544 gubernareque
740 1502 855 1544 atque
870 1507 894 1531 a
909 1493 1079 1544 tyrannis
1097 1492 1256 1531 reddere
1273 1499 1372 1530 tutas
1388 1499 1539 1542 queant,
1554 1491 1672 1528 habet

217 1553 513 1592 studiosissimus
532 1555 706 1606 quisque,
728 1568 751 1593 a
770 1569 844 1606 quo
860 1567 936 1592 una
953 1567 1040 1592 cum
1055 1567 1184 1604 graeca
1197 1554 1339 1604 lingua,
1357 1562 1395 1591 et
1411 1553 1672 1604 eloquentiam

178 1654 181 1656 ,
218 1615 359 1664 optime
379 1616 542 1662 discere,
564 1624 603 1654 et
623 1617 862 1655 utilissimum
882 1617 917 1653 in
943 1629 1012 1654 sua
1041 1616 1241 1666 republica
1270 1623 1449 1666 praestare
1477 1628 1518 1652 se
1539 1615 1669 1665 possit.

219 1674 330 1714 Vale.
385 1676 559 1716 Venetiis
580 1691 711 1717 mense
732 1679 892 1717 Octobr.
912 1678 971 1717 M.
992 1678 1045 1717 D.
1068 1677 1140 1717 lV.

524 1798 812 1850 ERASMI
852 1800 1363 1849 ROTERODAMI

417 1907 488 1941 An
515 1908 911 1943 HERVAGIANAM
938 1909 1154 1944 PnlMAM
1182 1908 1467 1943 PRAEFA'rm.

317 2073 407 2110 Des.
435 2073 603 2110 Erasmus
629 2074 714 2111 Rot.
744 2074 981 2112 Ornatissimo
1010 2075 1235 2112 Adulescenti
1255 2073 1388 2111 sommi
1410 2072 1443 2107 (ι’
1450 2072 1571 2121 ‹urg-io

804 2136 1082 2185 Paungartncro

893 2209 911 2233 s
956 2209 982 2233 D

275 2282 340 2321 UT
361 2283 526 2321 antehac
545 2283 708 2334 pessime
728 2283 777 2321 de
796 2282 928 2320 studiis
948 2282 1195 2320 merebantur
1216 2281 1289 2326 isti,
1312 2280 1376 2331 qui
1395 2279 1592 2331 praesentis
1612 2280 1669 2317 lu-

221 2344 309 2383 celli
328 2345 538 2396 cupiditate
559 2345 754 2383 maledicis
775 2358 821 2383 ac
840 2345 1011 2382 futilibus
1032 2344 1171 2381 libellis
1192 2343 1402 2394 implebant
1422 2342 1553 2379 orbem
1573 2345 1589 2379 :'
1620 2341 1673 2380 ita

219 2407 410 2445 bonorum
439 2407 609 2445 omnium
635 2407 766 2445 favore
797 2407 903 2457 digni
931 2412 1031 2452 sunt,
1052 2405 1114 2456 qui
1136 2418 1267 2443 curam
1295 2416 1446 2441 omnem
1473 2410 1587 2455 atque
1616 2403 1672 2439 in-

221 2469 408 2507 dustriam
432 2469 508 2507 huc
535 2469 748 2514 conferunt,
777 2476 817 2506 ut
838 2475 1008 2506 vetustos
1029 2468 1316 2517 multorumque
1337 2467 1555 2504 seculorum
1579 2479 1671 2503 con-

220 2531 471 2569 sentientibus
499 2530 688 2581 suffragiis
707 2530 887 2581 probatos
917 2537 1071 2567 autores
1090 2528 1200 2566 nobis
1228 2536 1424 2573 revocent,
1448 2528 1564 2579 idque
1585 2540 1672 2565 cum

223 2593 424 2643 dignitate.
454 2592 763 2630 Demosthenem
785 2599 913 2629 autem
929 2592 1031 2629 inter
1050 2591 1212 2628 Graecos
1228 2590 1400 2627 rhetores
1420 2591 1475 2628 sic
1497 2602 1580 2627 csse
1597 2588 1670 2640 pri-

223 2666 338 2699 mum,
360 2661 402 2691 ut
421 2654 483 2691 vix
502 2653 685 2698 invenias,
704 2666 816 2704 quem
833 2666 918 2691 cum
936 2652 999 2690 illo
1019 2651 1140 2703 possis
1157 2651 1348 2697 conferre,
1365 2664 1525 2701 magnus
1546 2650 1671 2688 erudi-

222 2721 346 2753 torum
367 2715 535 2752 omnium
556 2727 765 2753 consensus
785 2722 855 2752 est.
912 2714 1050 2765 Neque
1070 2726 1147 2751 non
1169 2720 1272 2750 recte
1292 2720 1529 2764 praeceptum
1551 2719 1607 2749 est
1628 2711 1671 2746 il-

222 2776 303 2822 lud,
321 2777 368 2814 ab
390 2777 542 2828 optimis
561 2777 840 2828 auspicandum
861 2789 961 2814 esse.
1017 2775 1153 2827 quue
1173 2775 1368 2825 quondam
1389 2774 1493 2825 apud
1514 2773 1670 2810 Latinos

224 2850 246 2874 e
266 2838 533 2888 probatissimis
553 2845 750 2889 poetarum
765 2838 873 2889 pueri
895 2837 1097 2876 discebant
1116 2838 1307 2876 literarum
1326 2836 1527 2873 elementa.
1586 2833 1669 2870 Nec

224 2897 261 2937 id
281 2899 490 2939 dissimulat
510 2899 694 2938 Horatius
715 2899 767 2938 ita
787 2900 835 2939 de
857 2899 933 2938 suis
955 2899 1196 2952 poematibus
1216 2897 1438 2942 vaticinans,
1465 2896 1552 2933 IIoc
1573 2908 1667 2945 quo-
