1824 3171
123 108 211 144 xxiv
286 108 314 144 l.
336 106 499 145 BERN.
521 107 691 147 FELIC.
717 109 882 148 PRAEF.
905 110 982 148 AD
1005 110 1161 149 SUUM
1184 109 1476 148 DEMOSTH.

122 214 162 251 in
182 210 307 248 locum
337 214 416 260 ejus
446 212 675 257 successisti,
696 220 735 250 et
763 213 927 263 ingenio,
949 221 988 252 et
1007 214 1137 252 studiis
1157 213 1270 265 plane
1289 225 1377 250 eum
1398 211 1555 256 referas,

122 271 356 321 eandemque
377 285 521 309 morum
548 273 773 323 probitatem
803 287 878 324 prae
898 282 936 312 te
962 275 1074 319 feras,
1095 282 1138 312 ut
1157 288 1230 311 non
1250 282 1326 311 tam
1349 272 1554 322 dignitatis,

120 344 233 381 quam
253 333 443 383 propositi,
457 341 571 384 atque
592 335 704 371 animi
727 335 838 372 etiam
860 339 938 383 ejus
958 348 1156 374 successor
1176 335 1290 371 fuisse
1310 334 1483 378 videaris,
1499 333 1556 369 ni-

120 391 172 428 hil
193 406 339 438 vereor,
359 393 447 443 quin
474 406 557 431 eam
589 396 925 444 exspectationem,
955 408 1065 445 quam
1087 396 1150 433 ille
1171 395 1218 432 de
1238 407 1279 431 se
1303 394 1403 444 apud
1423 406 1555 431 omnes

121 453 390 497 concitaverat,
418 454 602 492 sustinere
630 468 675 492 ac
702 456 797 492 tueri
818 456 931 493 etiam
957 456 1155 505 magnifice
1176 455 1309 505 possis.
1366 455 1556 504 Suscipies

122 513 236 563 igitur
251 515 285 551 in
304 515 506 565 praesentia
527 516 840 560 Demosthenem,
861 529 906 554 ac
928 517 1077 567 quoties
1094 529 1180 554 eum
1206 517 1244 552 in
1264 527 1396 552 manus
1416 527 1554 560 sumes,

119 575 338 625 frequenter
357 585 483 613 autem
503 576 542 613 id
561 576 745 614 facturum
765 585 803 615 te
823 590 906 615 esse
922 592 997 615 non
1018 578 1164 622 dubito,
1179 591 1255 614 non
1271 585 1349 614 tam
1369 589 1554 613 summum

121 644 322 681 oratorem,
344 651 453 686 quam
474 637 675 675 maximum
695 638 808 676 etiam
824 638 960 677 amoris
986 638 1023 675 in
1043 646 1081 676 te
1101 639 1173 677 mei
1194 638 1378 689 judicium
1405 648 1555 675 sumere

121 704 160 734 te
179 697 423 736 existimabis.
453 699 567 738 Vale.

710 816 895 854 Studiosis
927 816 966 854 S.

174 898 272 936 CUM
293 898 562 938 Demosthenis
590 902 777 939 orationes
804 902 853 939 ad
884 900 1123 939 commodum
1152 907 1318 937 vestrum
1345 911 1461 949 parva
1478 898 1550 935 hae

119 957 240 995 forma
259 959 554 1006 excuderentur,
576 962 613 998 in
631 969 708 999 tres
726 969 852 1012 patres
873 974 936 999 eas
956 961 1178 999 dividendas
1198 960 1427 1007 censuimus,
1443 971 1504 1001 ne,
1525 957 1555 994 si

118 1031 195 1055 uno
220 1019 406 1057 volumine
430 1034 563 1060 omnes
582 1022 742 1060 fuissent
771 1024 1067 1073 comprehensae‚
1089 1022 1126 1058 in
1149 1029 1294 1059 tantam
1323 1018 1556 1070 magnitudi-

117 1092 206 1116 nem
226 1089 472 1119 excresceret
494 1083 603 1128 liber,
623 1091 666 1121 ut
684 1096 781 1122 vana
800 1084 920 1121 omnis
941 1084 1081 1120 utilitas
1101 1082 1222 1127 fieret,
1239 1094 1352 1132 quam
1368 1094 1415 1118 ex
1435 1080 1556 1117 forma

117 1140 191 1177 hac
211 1141 324 1178 eratis
343 1141 517 1180 habituri.
576 1145 680 1195 Apte
700 1153 827 1183 autem
845 1144 990 1189 incidit,
1012 1151 1054 1181 ut
1079 1144 1222 1194 absque
1249 1142 1326 1180 ulla
1353 1141 1422 1179 nisi
1440 1153 1558 1191 parva

118 1201 324 1238 admodum
343 1203 480 1241 veteris
500 1204 638 1243 ordinis
658 1206 866 1243 mutatione
886 1205 990 1243 facta
1010 1204 1142 1243 divisio
1161 1204 1221 1242 sit.
1259 1204 1358 1242 Nam
1375 1203 1413 1239 in
1433 1201 1555 1253 prima

117 1271 225 1313 parte
253 1263 507 1302 deliberativae
536 1279 665 1304 omnes
692 1267 829 1318 positae
857 1274 958 1313 sunt,
981 1280 1026 1304 eo
1045 1279 1122 1317 quo
1151 1265 1254 1316 prius
1284 1272 1392 1302 erant
1423 1263 1554 1301 ordine

118 1324 327 1362 collocatae.
358 1332 474 1376 atque
505 1326 541 1363 id
571 1327 708 1365 merito
738 1328 904 1378 quidem,
934 1335 1139 1378 propterea
1162 1326 1266 1377 quod
1294 1337 1363 1376 par
1393 1331 1484 1368 erat,
1512 1331 1555 1361 ut

119 1385 374 1431 consultandi,
405 1394 445 1424 et
470 1387 705 1426 deliberandi
726 1389 945 1427 Rhetoricae
975 1387 1132 1439 specieS,
1152 1400 1237 1438 quae
1263 1386 1385 1438 prima
1403 1392 1441 1423 et
1468 1398 1555 1435 gra-

115 1446 278 1490 vissima,
299 1447 542 1498 maximeque
569 1449 619 1486 ad
646 1449 817 1487 civitates
845 1449 1034 1499 regendas
1057 1447 1272 1486 necessaria
1296 1453 1368 1492 est,
1393 1446 1555 1497 primum

115 1506 230 1544 etiam
260 1506 297 1542 in
318 1507 450 1545 ordine
477 1508 605 1547 locum
631 1509 833 1549 obtineret.
888 1511 962 1549 His
989 1517 1028 1548 et
1047 1508 1294 1547 deliberativa
1318 1507 1486 1553 exordia,
1516 1513 1555 1544 et

116 1568 209 1605 duas
229 1567 542 1608 demonstrativas
572 1571 761 1609 orationes
786 1571 1062 1620 subjunximus,
1083 1584 1167 1621 quae
1195 1570 1234 1606 in
1262 1569 1375 1606 finem
1403 1568 1487 1606 libri
1516 1568 1554 1604 in

114 1629 233 1666 Veteri
251 1629 496 1680 impressione
517 1633 663 1682 rejecta
680 1632 846 1679 fuerant,
866 1633 943 1678 illa,
963 1632 1051 1683 quia
1069 1632 1118 1669 ad
1137 1630 1238 1668 idern
1268 1643 1388 1680 genus
1406 1636 1553 1680 specta-

113 1691 217 1735 bant,
230 1691 312 1738 has,
332 1691 434 1741 quia,
455 1706 541 1731 cum
560 1694 659 1732 adeo
677 1708 810 1745 paucae
837 1701 975 1739 essent,
997 1702 1039 1731 ut
1068 1693 1212 1731 nullum
1231 1692 1409 1730 volumen
1434 1692 1553 1729 confi-

113 1765 203 1790 cere
229 1767 297 1804 per
316 1768 400 1792 sese
420 1763 587 1806 possent,
609 1757 677 1794 sed
697 1756 808 1794 alicui
837 1769 887 1794 ex
907 1756 988 1794 aliis
1008 1763 1186 1806 tanquam
1216 1753 1405 1805 appendix
1436 1767 1552 1791 anne-

113 1814 260 1851 ctendae
278 1824 416 1862 essent,
430 1817 464 1853 ei
480 1817 633 1855 annecti
649 1817 849 1855 commode
865 1830 977 1868 posse
990 1818 1225 1861 videbantur,
1241 1816 1344 1869 quod
1359 1817 1553 1853 minimum

113 1875 280 1913 omnium
301 1885 383 1914 erat
400 1878 582 1915 futurum.
639 1878 821 1916 Secunda
838 1892 923 1929 pars
934 1879 1177 1927 judicialibus
1197 1879 1237 1917 iis
1257 1886 1403 1917 tantum
1424 1877 1552 1915 dicata

112 1942 182 1981 est,
205 1950 290 1987 quae
310 1939 369 1975 vel
398 1939 446 1976 de
466 1939 629 1976 decretis
649 1947 688 1978 et
715 1939 862 1990 legibus
890 1947 1027 1991 praeter
1045 1940 1152 1990 leges
1172 1940 1272 1990 latis,
1294 1940 1353 1978 vel
1373 1940 1421 1977 de
1445 1939 1550 1989 lega-

111 1996 275 2035 ti0nibus
291 1999 388 2037 male
407 2000 512 2045 actis,
533 2000 593 2038 vel
609 2000 826 2050 hujusmodi
845 2000 926 2039 aliis
946 2001 1107 2053 publicis
1129 2002 1253 2039 causis
1272 2001 1423 2053 scriptae
1448 2007 1550 2039 sunt.

113 2057 244 2096 Tertia
263 2068 423 2098 caeteras
448 2074 579 2099 omnes
600 2062 802 2113 complexa
820 2069 892 2107 est,
918 2076 1005 2113 quae
1034 2063 1083 2100 ad
1113 2063 1264 2107 tutelas,
1290 2062 1548 2108 haereditates,

111 2129 356 2169 mercaturas,
386 2131 501 2173 atque
533 2123 572 2161 id
606 2137 727 2174 genus
756 2124 904 2176 privata
936 2124 1166 2162 commercia
1203 2124 1374 2162 attinent.
1447 2124 1549 2162 Haec

112 2182 211 2219 enim
236 2184 402 2229 tertium,
422 2185 739 2234 quemadmodum
759 2186 912 2236 publica
931 2186 1152 2230 secundum,
1173 2185 1299 2224 locum
1319 2185 1389 2223 sibi
1414 2186 1550 2225 merito

110 2243 325 2280 vendicant.
346 2257 431 2281 nam
451 2245 547 2282 sicut
567 2245 713 2295 privata
731 2246 906 2296 publicis,
927 2246 978 2283 ita
990 2246 1135 2294 judicia
1154 2259 1238 2284 esse
1257 2246 1435 2285 inferiora
1454 2248 1550 2285 deli-

110 2305 368 2343 berationibus
384 2306 539 2343 debent.
559 2306 696 2358 quippe
713 2320 799 2344 cum
820 2307 964 2355 judicia
984 2308 1071 2353 sint,
1088 2321 1174 2358 quoe
1194 2314 1360 2346 nontam
1380 2322 1441 2358 ea,
1463 2323 1548 2360 quae

111 2379 158 2402 ex
178 2366 338 2416 legibus,
354 2380 468 2417 quam
493 2381 580 2418 quae
609 2381 656 2405 ex
680 2368 1017 2407 deliberationibus
1038 2370 1244 2407 constituta
1268 2378 1369 2415 sunt,
1391 2371 1420 2408 si
1442 2379 1547 2409 recte

109 2434 304 2476 gerantur,
335 2428 552 2473 honoribus,
581 2429 609 2465 si
636 2429 747 2475 male,
778 2430 896 2480 poenis
930 2430 1030 2468 cives
1059 2430 1237 2468 afficiant.
1294 2432 1390 2470 Tres
1417 2440 1545 2470 autem

109 2487 169 2524 hae
188 2495 312 2537 partes
334 2488 497 2526 diversas
518 2489 713 2534 lectiones,
735 2504 818 2539 quae
838 2490 874 2527 in
895 2498 1077 2528 contextu
1093 2492 1274 2530 asterisco
1290 2499 1430 2530 notatae
1444 2501 1543 2539 sunt,

108 2560 194 2584 suas
211 2561 371 2599 quaeque
391 2549 426 2585 in
456 2550 562 2587 calce
590 2550 772 2600 repositas
794 2551 920 2589 habet.
978 2551 1116 2590 Errata
1135 2566 1236 2598 vero,
1255 2567 1338 2603 quae
1357 2554 1455 2591 inter
1476 2567 1545 2592 ex-

109 2608 323 2646 cudendum
344 2610 551 2660 contigere,
577 2610 615 2647 in
636 2611 743 2650 calce
769 2612 888 2650 tertiae
910 2612 1035 2650 omnia
1062 2613 1226 2651 omnium
1246 2614 1409 2665 partium
1436 2615 1545 2653 resti-

109 2671 253 2708 tuenda
272 2671 498 2709 curavimus.
526 2672 674 2710 Valete..
