1824 3171
294 198 363 246 52

686 201 1355 247 ΔΗΜΟΣΘΕΝΟΤΣ

290 314 364 368 ἐπὶ
388 339 456 368 ουν
481 339 532 368 το
557 330 816 368 λυσιτελουν
849 317 1002 374 αὐτοῖς
1035 340 1219 368 suono-roz
1254 341 1484 408 χωρουσιν.
1515 317 1636 388 ὖμεῒς
1669 317 1728 383 de,

287 389 397 441 ’όταν
421 414 499 459 μεν
525 387 585 448 εἷς
609 388 674 441 τοὶ
698 387 975 481 πράγματα
985 389 1290 456 οἷποβλεῷητε
1331 391 1508 455 φαύλως
1542 389 1727 458 ἔχοντα,

289 486 392 521 τους
416 463 719 526 ἐφεστηκότας
743 482 923 530 κρινετε·
953 462 1059 515 ’όταν
1086 462 1127 515 δὲ
1163 462 1303 523 δόντες
1335 463 1468 530 λόγον
1501 464 1588 524 τοὶς
1620 466 1747 517 οἶνοί--

218 559 269 596 37
287 560 408 602 *γκας
432 535 649 597 οἷκουσητε
678 536 869 598 ταύτας,
895 535 1069 599 αἷφιετε.
1098 559 1298 628 περιεστι
1326 562 1464 590 τοινυν
1490 539 1615 608 1υμῖν
1640 541 1728 591 εἷλ-

285 609 436 670 λῆλοις
461 608 607 683 ε’ξπζειν
633 633 710 661 και
737 606 980 670 διεστάναι,
1009 619 1100 667 τοῖς
1123 633 1201 678 μεν
1228 612 1380 661 ταῦτα
1406 635 1727 682 πεπεισμενοις,

285 707 378 741 Τοῖς
413 681 454 734 δε
490 706 662 745 Taurea,
700 706 763 733 7·oe
798 706 922 733 'LOWoe
957 680 999 732 ὃ

1035 705 1155 748 εχειν
1190 681 1387 745 φαυλως.
1416 683 1624 759 πρότερον
1649 710 1729 756 μεν

963 781 1003 804 ¹⁷
991 780 1056 818 ἦμῖν

286 854 354 891 sici,
370 855 529 895 provincia
547 855 635 890 situs,
652 856 703 895 qui
723 861 755 886 ut
772 855 932 886 Charetem
953 856 991 885 ad

285 908 356 927 suas
372 902 474 937 partes
490 899 693 937 permiheret,
718 899 768 928 01.
789 900 858 928 106.
879 902 906 927 1.
929 899 994 927 baec

285 939 312 969 ei
328 941 396 970 loca
410 941 600 971 concessisse
617 941 747 971 videtur.
781 941 864 971 Hinc
878 940 991 970 intelli-

286 983 380 1021 gitur,
403 994 457 1012 cur
482 984 598 1013 Chares
623 983 662 1012 ob
688 984 833 1013 invidiam
862 988 892 1013 et
920 984 989 1013 odia

283 1025 526 1061 Atheniensium,
544 1037 610 1064 qua:
633 1030 704 1065 post
724 1032 869 1064 expertus
887 1031 945 1060 est,
959 1026 988 1055 in

284 1067 406 1106 Sigeum
423 1078 454 1097 se
467 1068 640 1098 contulerit.
656 1069 767 1098 Athen.
780 1069 860 1098 ΧΠ.
874 1078 904 1107 p.
915 1070 989 1099 53⁰2.

288 1110 322 1138 Β.
338 1110 459 1150 Rapina
475 1111 663 1149 navigiorum
677 1112 782 1150 (πλοῖα
798 1110 817 1140 ἃ
829 1110 913 1149 συλ.)
928 1111 988 1141 for-

284 1153 378 1182 tassis
395 1153 432 1181 ad
448 1153 498 1182 Ol.
514 1156 586 1184 106.
603 1156 634 1183 4.
651 1154 820 1183 referenda.
844 1153 971 1183 Riimo.

327 1197 372 1224 Ταὶ
389 1197 485 1224 (πλοῖα
505 1195 525 1224 ἃ
542 1196 679 1236 συλῶσιν]
704 1196 831 1231 Chares,
847 1206 916 1225 cum
936 1197 988 1225 de-

284 1237 372 1266 beret
387 1238 514 1267 classem
531 1239 580 1267 cui
601 1243 665 1267 erat
678 1238 844 1277 prmfectus
860 1239 898 1267 ad
915 1249 987 1268 usus

285 1279 477 1318 Reipublicae
489 1280 645 1316 adhibere,
656 1282 694 1310 ad
709 1282 857 1310 Decarem
873 1280 986 1320 [scribe

284 1321 437 1363 Deiarem]
454 1322 621 1361 Deipyrum
639 1328 670 1352 et
686 1322 986 1362 Polyphontem,qni

284 1363 315 1392 in
330 1364 430 1402 AEgeo
446 1366 520 1394 mari
537 1365 696 1403 piraticam
711 1365 870 1399 faciebant,
888 1370 985 1395 trans—

283 1405 331 1440 iit,
348 1417 476 1446 cumque
493 1407 531 1437 iis
547 1408 577 1436 in
602 1407 831 1437 latrociniorum
855 1408 985 1437 societa-

283 1453 344 1476 tem
361 1460 393 1478 se
411 1450 539 1479 contulit
553 1450 686 1479 AEscbin.
698 1451 737 1479 de
754 1450 803 1478 fal.
820 1449 879 1487 leg.
895 1449 921 1487 §.
934 1450 984 1478 κδ’.

284 1490 335 1525 Ei,
359 1502 428 1520 cum
449 1491 608 1530 piraticam
633 1491 795 1521 exercendi
822 1491 983 1520 consilium

282 1532 384 1568 iniret,
398 1534 427 1564 in
444 1534 592 1563 mandatis
608 1539 672 1563 erat
687 1533 893 1571 Amphipolim
909 1534 985 1562 reci-

281 1585 368 1613 pere.
403 1576 606 1612 Quamobrem
624 1575 846 1605 Demosthenes
861 1575 890 1604 in
913 1577 983 1605 Am—

283 1617 398 1657 phipoli
415 1617 520 1657 potius
541 1628 628 1657 quam
652 1618 729 1647 locis
751 1617 819 1646 aliis
842 1617 983 1647 omnibus

282 1669 384 1697 operae
400 1660 526 1690 Athenis
541 1660 868 1699 prorsusinfructuosoe
883 1670 985 1690 exem-

281 1703 365 1740 plum
388 1701 520 1740 subjicit.
561 1703 689 1732 Delatus
705 1702 832 1736 Chares,
848 1707 937 1741 atque
953 1704 981 1732 in

277 1746 330 1782 jus
347 1745 471 1780 citatus,
487 1754 519 1774 se
536 1744 700 1782 subduxit3
717 1744 871 1783 aliquanto
885 1749 983 1774 autem

281 1790 353 1824 post
369 1786 477 1815 iterum
489 1787 669 1825 comparuit,
681 1796 726 1821 ac,
738 1786 766 1816 in
781 1791 895 1815 tantum
909 1798 983 1826 prm-

283 1827 380 1857 valuit
408 1828 504 1867 ipsius
533 1829 636 1863 factio,
665 1829 851 1859 exercitibus
882 1829 983 1858 denuo

282 1870 447 1908 praefectus
464 1876 522 1900 est.
544 1870 688 1900 Tum-rell.
714 1871 855 1901 Μουκτ.

315 1911 356 1941 Ἀ
378 1913 516 1954 συλῶσιν]
540 1913 580 1942 Οὐ
603 1912 687 1942 τοίνυν
708 1913 985 1953 θαλαττοκράτοςες,

280 1955 362 1984 ἀλλὰ
399 1955 641 1986 καταποντισταῖ
682 1955 730 1985 καὶ
768 1954 876 1996 λῃσταί
918 1956 984 1985 εἶσι.

282 1997 407 2028 WoLr.

323 2040 443 2091 Κρίνετε]
468 2040 513 2075 Εἷς·
530 2040 700 2082 δικαστήριον
715 2040 813 2079 ἄγετε,
833 2040 871 2075 εἷς
891 2041 984 2079 ἀγῶνα

279 2080 451 2113 καθίστατε.
475 2084 580 2113 IDEM·

324 2123 423 2160 Δόντες
445 2125 538 2166 λόγον]
564 2125 628 2178 Τοῖς
648 2125 829 2166 στρατηγοῖς,
851 2123 985 2158 εάσαντες

280 2165 436 2205 ἀπολογίας
451 2169 550 2209 τυχεῖν
571 2168 682 2204 αὐτοὺς,
698 2169 778 2198 ἀλλὰ
799 2170 841 2207 μὴ
859 2168 986 2208 ἀκρίτους

279 2210 502 2244 ἀποκτείναντες.
525 2211 645 2241 WOLr.

325 2251 424 2288 Δόντες
450 2252 543 2294 λόγον]
572 2252 656 2290 Λόγον
679 2251 773 2282 διδόναι
801 2253 985 2292 generaliter

280 2293 442 2331 significat,
458 2298 598 2326 rationem
614 2296 733 2325 reddere
749 2300 780 2325 et
799 2305 916 2325 causum
939 2296 983 2326 di-

279 2345 351 2365 cere.
398 2338 571 2377 Aliquando
597 2342 642 2367 est
668 2339 784 2367 dicendi
808 2343 839 2367 et
865 2347 983 2367 causam

279 2379 384 2408 orandi
399 2380 494 2410 locum
509 2381 589 2411 dare.
614 2381 650 2409 ln
667 2385 796 2419 utroque
813 2390 903 2409 sensu
922 2382 982 2409 De-

280 2422 452 2451 mosthenes
482 2422 561 2460 λόγον
589 2421 683 2451 διδόναι
714 2422 802 2456 dixit,
829 2426 860 2452 et
887 2422 983 2460 λόγους

280 2461 376 2497 δοῦναι,
393 2471 423 2493 et
443 2465 615 2494 ἀωοδοῦνακ
641 2465 670 2494 in
693 2464 854 2503 posteriori
875 2465 935 2499 hic,
952 2470 981 2494 et

279 2504 351 2532 alibi
368 2506 490 2542 passim.
524 2507 683 2545 Significat
706 2507 795 2536 etiam
820 2508 890 2536 dare
911 2509 982 2537 vices

280 2545 414 2584 loquendi
436 2554 462 2577 et
488 2550 715 2587 percunctandi,
738 2555 765 2578 et
788 2551 909 2579 vicissim
933 2560 978 2579 re-

277 2590 414 2639 spond—‘ere
427 2593 640 2627 percunctanti.
665 2592 715 2621 Sic
731 2592 820 2627 infra,
837 2602 910 2621 πασι
922 2604 982 2626 τοις

278 2632 407 2670 παριοῦσι
431 2632 507 2669 λόγον
532 2632 639 2663 διδόναι.
686 2634 764 2663 Vide
787 2615 876 2673 plura
898 2636 978 2674 apud

278 2673 360 2702 Bud.
376 2685 404 2712 p.
419 2676 489 2704 151.
510 2680 540 2704 et
555 2686 639 2714 seqq.
665 2676 806 2707 ΜουΝτ.

321 2715 420 2750 Δόντες
441 2716 534 2757 λόγον]
557 2720 633 2747 Sunt
652 2718 686 2753 ii,
701 2718 752 2757 qni
770 2719 838 2748 aliis
854 2719 979 2748 faculta-

277 2760 337 2786 tem
354 2758 427 2787 dant
443 2769 563 2789 causam
581 2770 663 2789 suum
680 2761 814 2790 (licendi.
839 2762 894 2790 cfr.
915 2761 942 2800 §.
958 2760 978 2791 ι’.

278 2799 392 2830 Markl.
406 2801 444 2830 ad
463 2802 568 2840 Eurip.
584 2803 692 2841 Suppl.
707 2805 779 2833 350.
806 2803 933 2833 Riimc.

318 2844 378 2876 Τὰς
405 2844 540 2880 ἀνάγκας,
570 2844 695 2883 ταύταις]
727 2846 822 2879 Malo,
852 2846 977 2881 τούτους,

274 2895 338 2918 τους
356 2897 533 2925 στςατηγους
553 2886 663 2925 ἀφίετε.
685 2898 749 2920 τους
771 2886 976 2925 ἐφεστηκότας,

272 2926 379 2962 duces,
392 2933 444 2958 aut
455 2929 545 2958 etiam
557 2935 686 2959 caeteros
697 2929 807 2967 quibus
821 2930 974 2968 publicum

269 2968 390 3007 aliquod
406 2981 512 3001 munus
525 2976 571 3002 est
585 2972 767 3008 inamlntum,
781 2977 870 3010 utque
885 2972 974 3001 etiam

1028 855 1210 885 trierarchos
1226 866 1302 894 quos
1318 856 1347 885 in
1363 856 1473 895 praedae
1488 856 1663 887 societatem
1679 868 1731 888 ve-

1027 897 1108 927 nisse
1123 898 1281 937 probabile
1298 904 1356 928 est.
1378 898 1502 929 YVoLF.

1068 943 1129 974 Τὰς
1144 941 1352 978 Aviyzsduobc.
1360 940 1486 981 ταύτας]
1501 941 1628 972 ,ludices
1643 941 1729 971 audi-

1027 987 1078 1012 unt
1096 984 1303 1018 necessitates,
1319 983 1340 1013 i.
1355 994 1382 1012 e.
1401 984 1602 1020 conditiones,
1617 985 1727 1023 quibus

1026 1025 1095 1064 quis
1108 1026 1257 1055 inservire
1269 1026 1403 1055 debebat
1417 1027 1456 1055 ob
1469 1033 1601 1056 naturam
1615 1036 1728 1056 rerum.

1026 1068 1116 1097 Hauc
1135 1068 1294 1098 lectionem
1316 1069 1384 1107 ipsa
1407 1070 1554 1098 sententia
1578 1079 1728 1098 commen-

1025 1111 1094 1139 dat:
1121 1122 1187 1140 nam
1200 1121 1254 1150 per
1264 1111 1389 1149 ἀνάγκας
1401 1111 1512 1145 ταύτας
1525 1112 1660 1142 innuitur
1674 1122 1728 1150 pe-

1025 1153 1121 1188 nuria,
1137 1163 1195 1192 qua
1211 1155 1305 1183 duces
1326 1154 1558 1203 premebantur.
1583 1164 1639 1193 per
1657 1164 1727 1192 pro-

1024 1206 1104 1226 nom.
1119 1203 1278 1226 contemtus
1300 1196 1494 1235 exprimitur,
1511 1202 1544 1226 ut
1560 1197 1640 1226 Phil.
1657 1198 1683 1226 1.
1700 1197 1726 1236 6.

1024 1237 1049 1267 ἦ.
1068 1235 1200 1266 ἐπιστολ.
1225 1237 1370 1267 ταύτας
1391 1239 1641 1277 δυνάμ.1ἶὶὶῐ)ιῦ.

1065 1279 1210 1322 Πεξίεστι]
1234 1280 1315 1310 Hinc
1326 1281 1382 1320 sit,
1398 1282 1437 1310 cf.
1452 1282 1490 1311 de
1510 1282 1590 1319 Rep.
1607 1281 1681 1311 Ord.
1699 1280 1725 1320 §.

1021 1320 1057 1360 ξ’.
1082 1322 1173 1359 Quod
1191 1323 1293 1362 paullo
1309 1328 1380 1362 post
1394 1323 1525 1362 legitur
1516 1325 1591 1362 υμῖν,
1605 1324 1725 1362 praetuli

1023 1364 1154 1403 vulgata:
1179 1366 1257 1404 ἡμῖν,
1285 1375 1351 1395 nam
1380 1366 1534 1395 concludit
1560 1371 1662 1396 orator
1686 1375 1725 1396 ex

1020 1408 1275 1444 praecedentibus,
1298 1408 1400 1461 ¹⁰²³?

1060 1448 1190 1497 Πρότερον
1207 1449 1262 1487 μὲν
1277 1451 1342 1489 γὰρ,
1365 1448 1386 1478 ω
1404 1450 1494 1488 ἄνδρες
1503 1448 1653 1486 Ἀθηναιοι,
1668 1450 1727 1480 εἷο·-

1020 1488 1128 1528 zailam
1144 1493 1222 1520 κατὰ
1237 1490 1415 1531 συμμορίας]
1446 1492 1582 1530 Cecrops
1606 1498 1637 1522 et
1658 1498 1728 1530 post

1020 1541 1087 1560 eum
1099 1532 1214 1561 soloin
1228 1537 1356 1570 quatuor
1369 1534 1465 1562 tribus
1475 1535 1620 1572 populum
1635 1535 1726 1564 Athe-

1020 1573 1152 1603 niensem
1169 1575 1396 1605 distribuerant.
1440 1576 1557 1605 Harum
1573 1581 1727 1615 postrema

1019 1627 1056 1645 ex
1080 1616 1201 1646 civibus
1224 1622 1380 1652 constans,
1408 1617 1519 1658 quibus
1541 1629 1635 1657 opera
1662 1619 1725 1649 vita

1019 1664 1093 1694 erat,
1110 1659 1223 1698 quique
1247 1659 1379 1698 publicis
1402 1661 1579 1690 muneribus
1602 1662 1725 1691 exclusi

1019 1706 1099 1735 sunt,
1125 1702 1219 1731 nihilo
1247 1702 1346 1731 secius
1368 1702 1499 1731 omnium
1529 1704 1722 1733 consiliorum

1019 1743 1171 1781 particeps
1194 1749 1269 1777 erat,
1285 1749 1315 1773 et
1334 1745 1485 1774 communi
1509 1755 1576 1774 cum
1603 1746 1723 1776 caeteris

1018 1785 1154 1823 suffragii
1170 1787 1286 1816 timendi
1298 1788 1367 1825 jure
1383 1787 1549 1816 fruebatur.
1578 1787 1654 1818 Cum
1671 1798 1725 1818 au-

1018 1831 1076 1855 tem
1101 1829 1244 1858 tributum
1264 1828 1481 1867 imponeretur,
1505 1829 1601 1867 prima
1627 1830 1723 1860 tribus

1017 1869 1161 1899 talentum
1184 1872 1370 1905 conferebat,
1388 1872 1521 1900 secunda
1536 1872 1723 1902 semi-talen-

1017 1917 1092 1947 tum,
1114 1913 1203 1943 tertia
1229 1918 1350 1943 centum
1375 1914 1544 1949 drachmas,
1569 1920 1724 1952 postrema

1017 1954 1104 1986 nibil.
1147 1956 1262 1986 Postea
1284 1960 1413 1994 quatuor
1435 1955 1532 1986 tribus
1553 1957 1590 1985 ad
1617 1958 1722 1988 decem

1018 2006 1114 2036 usque
1140 2003 1235 2027 auctae
1259 2002 1337 2027 sunt.
1381 2000 1471 2033 Tum,
1487 1999 1525 2028 ad
1542 1999 1723 2029 solvendum

1018 2040 1099 2078 quod
1125 2039 1348 2079 imponebatur,
1373 2051 1412 2070 ex
1438 2050 1617 2080 unaquaque
1639 2043 1723 2072 tribu

1018 2087 1133 2112 certum
1152 2083 1262 2113 civium
1284 2093 1439 2113 numerum
1460 2084 1639 2120 educebant,
1656 2094 1723 2115 eos-

1018 2134 1077 2162 que
1093 2125 1122 2154 in
1139 2126 1247 2164 viginti
1262 2125 1386 2160 classes,
1403 2136 1470 2165 quae
1491 2125 1650 2167 Συμμοςίαι
1669 2136 1723 2157 vo-

1018 2168 1172 2204 cabantur,
1199 2169 1397 2197 dividebant:
1432 2169 1461 2198 in
1493 2169 1605 2207 quibus
1630 2171 1723 2208 juxta

1018 2220 1089 2240 suas
1101 2210 1228 2250 quisque
1240 2212 1374 2240 fortunas
1387 2220 1420 2241 ac
1435 2211 1510 2249 reip.
1526 2212 1722 2242 necessitates

1017 2254 1209 2282 censebatur.
1231 2254 1327 2283 Arist.
1341 2253 1433 2282 Polit.
1450 2254 1470 2283 1.
1487 2254 1533 2283 11.
1558 2254 1674 2283 Plutar.
1691 2255 1721 2284 in

1017 2295 1102 2325 Solo.
1116 2296 1183 2325 Pol.
1201 2296 1220 2325 l.
1232 2296 1329 2325 vm.
1351 2295 1510 2335 Συμμοςίαι
1523 2295 1616 2335 igitur
1628 2296 1722 2336 signi-

1017 2338 1084 2366 ficat
1100 2337 1239 2367 diversas
1255 2338 1369 2367 classes
1392 2338 1458 2367 sive
1480 2338 1604 2367 ordines
1626 2339 1721 2370 homi-

1017 2390 1085 2408 num
1103 2380 1234 2410 maxime
1252 2380 1425 2409 idoneorum
1440 2380 1476 2409 ad
1492 2385 1630 2420 sumptus
1644 2382 1722 2420 reip.

1017 2423 1267 2460 suppeditandos.
1312 2423 1448 2461 Harpoc.
1491 2424 1609 2462 Hyper.
1641 2429 1720 2453 cont.

1017 2465 1178 2503 Polyeuct.
1202 2464 1281 2494 Poll.
1313 2465 1333 2494 l.
1368 2466 1430 2494 lll.
1455 2475 1482 2494 c.
1510 2469 1539 2496 4.
1585 2464 1722 2504 Quaequo

1016 2506 1135 2542 classis,
1159 2519 1197 2537 ex
1223 2507 1343 2536 civibus
1369 2517 1454 2545 aeque
1481 2507 1629 2537 divitibus
1651 2517 1720 2537 con-

1015 2554 1109 2585 stans,
1126 2560 1214 2579 suum
1227 2551 1335 2578 ducem
1353 2548 1474 2588 ἡγεμόνα
1491 2548 1654 2590 συμμορίας
1669 2550 1721 2578 ba-

1015 2591 1092 2627 buit,
1108 2598 1138 2622 et
1151 2592 1261 2631 singuli
1273 2591 1452 2631 Συμμοςιταὶ
1464 2592 1600 2629 ejusdem
1614 2591 1721 2621 classis

1014 2634 1100 2663 cives
1113 2646 1149 2664 ex
1164 2644 1250 2673 aequo
1266 2635 1484 2663 censebantur:
1509 2634 1609 2663 varias
1620 2638 1720 2663 autem

1014 2687 1120 2706 causas
1135 2677 1375 2714 pra-tendebant,
1387 2685 1446 2715 qno
1460 2686 1491 2704 se
1504 2686 1520 2704 a
1533 2676 1648 2705 tributo
1660 2676 1721 2706 sol-

1014 2720 1114 2748 vendo
1126 2720 1272 2748 immunes
1289 2720 1430 2748 facerent.
1474 2719 1509 2747 In
1526 2718 1601 2747 banc
1618 2718 1720 2757 itaque

1014 2761 1192 2791 sententiam
1209 2760 1385 2799 accipienda
1402 2764 1471 2789 sunt
1483 2770 1551 2798 quae
1568 2761 1644 2791 dicit
1658 2761 1721 2790 De-

1012 2804 1202 2832 mosthenes:
1227 2809 1234 2821 ‘
1254 2803 1363 2832 Vestra
1379 2802 1468 2841 culpa
1484 2804 1594 2832 sactum
1611 2808 1669 2838 est,
1688 2809 1721 2833 ut

1012 2856 1078 2884 qum
1089 2846 1184 2874 formu
1195 2846 1230 2874 ud
1248 2845 1484 2874 conservandam
1502 2846 1719 2885 rempublicam

1011 2888 1175 2917 constituta
1206 2888 1308 2923 suerit,
1334 2898 1368 2917 ea
1400 2887 1468 2926 ipsa
1494 2887 1523 2916 in
1552 2887 1720 2926 perniciem

1010 2930 1189 2969 reipublicae
1206 2930 1326 2959 evadat.
1370 2930 1505 2965 Classes,
1524 2941 1559 2960 eo
1571 2930 1720 2960 institutae

1011 2978 1042 3002 ut
1059 2973 1134 3010 reip.
1153 2972 1389 3003 necessitatibus
1413 2973 1623 3008 subveniatur,
1640 2971 1719 3001 baud
