1824 3171
187 134 248 174 clx
652 132 861 172 RElSKlI
895 135 1188 175 PRAEFATIO

186 237 279 275 tioni
300 251 377 276 suae
397 238 674 290 praefationein,
702 239 858 276 alteiam
880 238 1034 276 nomine
1054 251 1138 283 suo,
1158 249 1232 288 qua
1252 235 1301 273 de
1321 245 1437 284 opera
1456 244 1478 270 a
1496 245 1535 270 se
1557 232 1646 271 De-·

183 300 374 338 mostheni
395 313 416 337 a
439 300 605 338 Morello
626 299 811 336 derelicto
829 307 966 337 navata
981 299 1159 350 exponit3
1183 298 1337 335 alteram
1359 294 1513 331 nomine
1527 301 1641 344 typo-

183 362 319 412 graphi
338 362 393 400 Io.
417 360 615 405 Benenati‚
633 360 667 395 in
685 373 761 409 qua
775 373 885 410 paene
908 361 1042 397 eadem
1059 361 1258 402 iterantur,
1277 356 1415 394 additis
1432 355 1638 398 nonnullis,

184 430 272 472 quae
291 422 340 461 ad
360 421 554 459 historiam
585 420 640 457 sui
660 420 914 470 typographei
942 420 1146 470 pertinent,
1173 419 1264 455 item
1286 417 1334 454 de
1355 415 1486 465 signis,
1506 415 1641 466 quibus

186 496 275 521 usus
296 491 397 521 esset
420 482 608 519 Morclius
634 481 683 517 ad
712 480 1004 530 designandum,
1033 480 1091 518 vel
1122 479 1278 517 codices
1306 477 1595 527 manuscriptos,
1617 489 1639 513 e

186 540 322 593 quibus
344 543 564 593 collegisset
584 541 772 579 lectiones
793 541 993 586 variantes,
1022 541 1082 578 vel
1112 553 1244 578 eorum
1265 552 1333 576 seu
1353 539 1543 583 defectus,
1571 550 1641 575 seu

184 605 441 649 accessiones,
484 603 575 640 item
614 602 663 640 de
697 602 875 646 numeris,
912 602 993 639 aliis
1032 602 1082 639 ad
1119 608 1284 644 textum,
1324 598 1406 636 aliis
1448 598 1498 636 ad
1537 610 1643 635 com-

184 666 391 704 mentarios
421 664 711 716 pertinentibus*
770 665 953 714 Superest
984 663 1109 701 adhuc
1139 662 1225 706 alia,
1258 658 1436 697 Lambini
1465 658 1641 710 praefatio

185 728 370 778 dignitate
401 727 533 778 prima,
566 739 693 776 graeca
720 727 882 777 epistola
905 726 952 764 ad
984 726 1163 764 Carolum
1184 723 1257 761 IX.
1289 722 1461 760 Francioe
1491 734 1640 772 regem,

182 801 259 840 qua
281 790 490 827 Lambinus
521 788 555 826 ei
585 788 683 825 hanc
713 788 920 826 editionem
944 787 1112 825 dedicat.
1167 785 1241 823 Illa
1269 783 1325 822 sic
1349 782 1509 821 orditur.
1557 785 1641 820 Διο-

184 854 310 893 νύσιος
343 853 361 888 ὁ
390 849 610 900 Λαμβίνος,
641 849 919 898 ὒῙονστρολιεὺς
948 849 1108 899 Καρόλῳ
1134 850 1183 897 τῷ
1218 844 1501 895 τῆςΦραγκίας
1526 843 1639 891 βασι-

184 915 254 957 λεῖ,
288 916 362 950 τῶν
398 913 625 965 χριστιανῶν
657 908 848 956 βασιλέων
877 912 1040 960 μεγίστῳ
1069 923 1106 945 τε
1139 909 1199 944 καὶ
1225 904 1563 957 χριστιαιίκωτάτῳ
1601 905 1641 943 εὖ

184 973 368 1022 πράττειν.
426 973 543 1020 Cujus
564 977 832 1020 argumentum
853 970 915 1019 qui
937 969 1039 1006 volet
1059 981 1110 1005 ex
1131 968 1210 1019 ipsa
1230 972 1451 1017 cognoscat,
1472 974 1640 1004 nostram

184 1035 234 1072 ad
254 1048 332 1072 rem
357 1033 459 1071 haud
478 1032 584 1070 facit.
641 1031 894 1069 Praefationes
914 1031 982 1068 has
1003 1029 1199 1080 excipiunt
1220 1028 1346 1078 elogia
1368 1028 1640 1066 Demosthenis

185 1104 225 1135 et
245 1097 292 1134 de
322 1110 369 1134 eo
399 1093 630 1139 testimonia,
653 1106 699 1130 ex
728 1092 948 1130 auctoribes
968 1092 1182 1143 graecisque
1210 1090 1413 1139 latinisque
1434 1102 1543 1140 paene
1563 1103 1641 1127 om-

184 1159 294 1195 nibus
324 1156 547 1208 conquisita,
577 1155 731 1192 minutis
758 1154 874 1206 typis,
902 1167 971 1204 per
989 1153 1082 1191 folia
1101 1151 1248 1203 viginti.
1304 1151 1350 1187 In
1370 1150 1426 1187 his
1456 1157 1544 1188 sunt
1561 1151 1642 1189 vita

185 1219 463 1257 Demosthenis
492 1231 513 1256 e
540 1216 750 1255 Plutarcho
771 1224 810 1254 et
829 1214 1196 1265 Pseudoplutarcho‚
1219 1212 1370 1250 Libanii
1399 1212 1560 1263 epistola
1588 1214 1639 1250 ad

186 1281 397 1326 Montium,
419 1278 580 1317 Luciani
598 1278 813 1331 encomium
834 1276 1123 1321 Demosthenis,
1146 1274 1323 1325 Dionysii
1342 1273 1541 1311 Halicarn.
1559 1274 1639 1324 epi-

185 1343 286 1380 stola
305 1343 355 1380 ad
376 1343 608 1385 Anxmaeum,
630 1346 669 1377 et
697 1338 844 1376 infinita
864 1339 936 1376 alia
951 1336 1180 1386 huJusmodi,
1202 1343 1394 1386 postremo
1415 1334 1569 1386 Ulpiani
1589 1335 1640 1372 ad

187 1403 491 1441 Demosthenem
528 1401 816 1451 prolegomena.
872 1400 973 1436 Tum
1010 1398 1181 1448 sequitur
1220 1397 1346 1446 ipsum
1380 1409 1519 1446 corpus
1553 1410 1638 1434 ora-

185 1465 345 1510 tionum,
367 1477 454 1501 cuni
474 1461 758 1500 commentariis
777 1460 934 1511 Ulpiani
954 1460 1003 1497 ad
1018 1459 1117 1496 latus
1133 1458 1280 1509 positis,
1299 1457 1363 1508 qui
1379 1458 1640 1495 commentarii

184 1519 258 1563 hac
278 1526 316 1562 in
342 1524 510 1562 editione
532 1530 668 1574 quarta
687 1523 768 1560 fere
787 1529 910 1573 parte,
933 1528 974 1558 ut
993 1527 1186 1558 asseverat
1207 1518 1427 1564 Lambinus,
1450 1519 1639 1556 auctiores

184 1593 285 1632 sunt,
306 1599 418 1637 quam
435 1585 560 1622 Aldus
578 1597 643 1621 eos
663 1583 849 1621 ediderat.
889 1581 1077 1620 Motellus
1098 1580 1197 1619 enim
1214 1579 1395 1631 quicquid
1410 1579 1640 1617 scholiorum

184 1648 224 1684 in
255 1647 454 1685 codicibus
480 1645 591 1695 regiis
617 1658 686 1682 seu
705 1644 884 1682 Parisinis
912 1643 1130 1687 invenisset,
1158 1641 1415 1678 immiscuerat
1440 1640 1640 1691 Ulpianeis

187 1709 234 1746 ab
256 1709 355 1745 Aldo
377 1706 503 1752 editis,
526 1707 606 1744 sine
634 1706 711 1743 ulla
731 1704 957 1742 discriminis
977 1712 1081 1742 nota.
1139 1702 1255 1745 Quod
1283 1702 1503 1739 dolendum.
1560 1702 1640 1739 De-

186 1768 331 1808 bebant
349 1771 534 1818 cujusque
556 1767 699 1805 codicis
719 1765 867 1803 scholia
884 1765 1042 1803 seorsim
1064 1765 1139 1809 edi,
1158 1771 1223 1801 aut
1242 1763 1368 1801 saltim
1384 1763 1527 1800 scholia
1540 1776 1641 1813 quae-

187 1844 261 1882 que
281 1830 417 1881 quibus
437 1842 458 1866 e
479 1828 675 1866 codicibus
692 1834 819 1864 essent
839 1834 976 1871 sumta,
999 1826 1115 1876 signis
1136 1833 1202 1863 aut
1223 1825 1348 1862 verbis
1368 1824 1539 1869 indicari,
1561 1837 1638 1861 non

187 1892 313 1930 omnia
334 1892 373 1929 in
395 1904 512 1928 unum
533 1890 688 1928 cinnum
715 1888 968 1933 commisceri,
989 1901 1075 1925 cum
1094 1887 1203 1925 bonis
1229 1886 1366 1924 futilia.
1424 1886 1543 1923 Suum
1564 1886 1641 1923 cui-

186 1967 263 2006 que
279 1952 636 2002 debebatkelinqui.
674 1951 898 2001 Importuna
913 1958 952 1987 et
967 1950 1083 1987 stulta
1099 1963 1145 1987 ea
1157 1949 1227 1986 fuit
1242 1949 1424 1986 sedulitas
1438 1947 1639 1992 editorum,

187 2017 351 2068 ineptias
387 2024 427 2054 et
459 2028 580 2066 nugas
614 2013 879 2063 frigidissimas
910 2012 1190 2056 accumulandi,
1224 2014 1331 2059 cujus
1359 2010 1462 2046 hunc
1486 2008 1642 2046 serimus

187 2078 371 2123 fructum,
393 2084 434 2115 ut
464 2090 567 2127 seepe
595 2075 778 2112 miremur
814 2074 982 2111 eundem
1005 2081 1200 2111 auctorem
1230 2071 1442 2123 pugnantia
1467 2070 1568 2108 inter
1601 2083 1643 2108 se

189 2141 356 2178 tradere.
412 2138 529 2181 Quod
569 2137 652 2174 fieri
692 2149 802 2174 secus
839 2149 917 2173 non
949 2142 1094 2186 potest,
1134 2133 1162 2171 si
1204 2133 1543 2171 diversissimorum
1577 2144 1642 2169 au-

189 2209 339 2238 ctorum
368 2200 588 2250 fragmenta
620 2198 720 2234 inter
751 2210 791 2234 se
819 2197 1128 2247 compinguntur,
1160 2202 1200 2232 et
1227 2194 1295 2232 sub
1325 2193 1495 2242 ejusdem
1529 2193 1643 2230 scho-

190 2263 310 2299 liastae
331 2262 485 2299 nomine
505 2258 760 2297 venditantur.
820 2257 884 2294 Sic
904 2257 1164 2294 obtruduntur
1183 2255 1295 2293 alicui
1322 2267 1380 2299 ea,
1408 2267 1493 2304 quae
1522 2253 1644 2291 noluit

191 2324 335 2366 dicere,
358 2331 397 2360 et
417 2323 466 2359 de
486 2322 624 2372 quibus
652 2331 847 2368 nunquam
867 2318 1078 2355 somniavit.
1137 2317 1176 2355 Si
1196 2316 1349 2367 quando
1369 2316 1580 2366 contingat,
1601 2322 1643 2352 ut

190 2395 260 2422 ‘nos
281 2398 434 2435 quoque
454 2382 599 2420 scholia
619 2381 790 2424 edamus,
813 2379 862 2416 de
884 2393 960 2430 quo
981 2379 1152 2417 nondum
1173 2386 1279 2416 certo
1300 2377 1551 2422 decrevimus,
1571 2376 1642 2424 (in-

191 2446 256 2484 viti
291 2453 417 2482 autem
452 2444 652 2487 faciemus,
687 2454 772 2479 cum
805 2441 991 2490 edemus,)
1022 2440 1257 2478 servabimus
1285 2438 1438 2489 quidem
1470 2438 1641 2476 ordinem

189 2507 368 2545 'editionis
387 2505 580 2549 Parisinoe,
602 2515 701 2541 nova
720 2510 863 2548 autem,
878 2516 964 2552 quae
985 2516 1005 2539 e
1026 2502 1210 2540 Bavarico
1231 2501 1378 2545 codice,
1399 2500 1569 2550 itemque
1589 2513 1640 2538 ex

190 2571 425 2619 'Augustano
445 2565 661 2617 prodemus,
687 2577 732 2600 ea
760 2577 923 2614 quaeque
953 2563 1123 2608 seorsim,
1145 2575 1192 2600 eo
1212 2562 1358 2606 ordine,
1377 2568 1420 2598 ut
1447 2560 1484 2597 in
1507 2560 1643 2598 codice

193 2635 344 2681 quoque
365 2627 590 2670 invenimus,
611 2625 830 2673 prodemus.
888 2625 1043 2662 Scholia
1063 2625 1158 2667 haee,
1181 2631 1222 2660 ut
1241 2623 1279 2659 in
1298 2622 1379 2659 aliis
1399 2621 1509 2659 editt.
1531 2622 1582 2659 ita
1603 2623 1641 2660 in

191 2687 265 2729 hac
291 2702 442 2740 quoque
464 2688 563 2724 ultra
584 2687 865 2723 Timocrateam
886 2698 961 2722 non
992 2684 1220 2736 procedunt.
1278 2683 1377 2720 Nam
1398 2695 1483 2731 quae
1503 2683 1552 2719 ad
1571 2696 1641 2734 po-

190 2753 373 2790 steriores
393 2750 584 2788 orationes
604 2747 786 2796 adspersa
804 2755 905 2791 sunt,
928 2759 974 2784 ea
995 2746 1138 2797 oppido
1158 2756 1281 2795 pauca
1299 2750 1400 2787 sunt,
1423 2743 1484 2780 vix
1506 2743 1642 2783 decem

195 2813 360 2856 omnino,
382 2818 421 2848 et
439 2808 581 2847 minimi
602 2808 792 2845 facienda.
850 2807 1034 2845 Procedit
1053 2806 1106 2843 sic
1126 2819 1219 2856 opus
1235 2817 1354 2854 usquc
1372 2804 1419 2841 ad
1440 2817 1529 2855 pag.
1548 2806 1640 2845 789.

195 2889 269 2913 non
305 2887 350 2912 eo
385 2872 531 2917 ordine,
566 2882 679 2920 quem
716 2869 829 2906 Wolf
857 2870 893 2906 in
926 2882 1033 2906 suam
1067 2868 1275 2906 editionem
1309 2866 1536 2917 importavit,
1571 2867 1640 2905 sed
