1824 3171
554 172 631 210 AD
663 170 1121 210 DEMOSTHENEM.
1436 166 1566 208 cxcvii

115 276 304 316 riantium.
360 273 512 325 Siquid
542 281 668 312 autem
691 274 739 312 de
768 286 853 312 meo
874 285 988 311 sensu
1014 279 1054 309 et
1079 270 1231 308 arbitrio
1258 271 1401 308 mutavi
1431 272 1480 310 de
1506 286 1570 310 ve-

118 345 219 376 tusta
238 336 415 379 lectione,
443 335 482 371 id
509 335 641 372 sedulo
670 335 849 379 indicavi,
871 333 1052 371 addendo
1079 333 1120 369 de
1139 345 1215 368 mea
1234 333 1422 377 sententia,
1442 341 1506 370 aut
1528 336 1568 370 de

119 413 192 435 meo
211 412 323 442 sensu,
345 403 410 434 aut
430 397 581 433 arbitrio
600 410 686 442 meo,
707 403 772 434 aut
792 402 913 444 sponte
932 409 1021 440 mea,
1042 401 1107 431 aut
1127 392 1246 429 simile
1266 392 1372 442 quid.
1418 393 1463 429 In
1485 394 1566 444 ipso

120 466 226 496 texto
247 456 431 505 ejusmodi
446 456 540 494 locis
561 457 609 495 de
629 470 716 495 meo
732 457 889 495 arbitrio
907 455 1059 493 mutatis
1075 454 1174 493 affixi
1194 454 1397 499 stellulam,
1411 467 1496 504 quae
1512 455 1569 491 111-

118 520 251 558 sistere
280 518 471 569 paulisper
492 525 530 555 et
549 518 774 556 addubitare
794 519 994 562 lectorem,
1017 524 1055 554 et
1076 528 1250 567 quaerere
1271 516 1422 563 jubeat,
1443 521 1481 552 et
1503 528 1572 552 ex-

117 588 308 631 spectare,
337 580 463 617 donec
491 579 676 631 prodierit
709 588 839 618 noster
865 578 1236 618 animadversionum
1264 577 1573 614 demosthenica-

118 654 201 678 rum
231 641 341 687 liber,
361 641 580 691 priusquam
602 642 748 690 judicio
775 655 843 680 suo
876 654 937 679 me
969 640 1173 678 confodiat.
1231 638 1349 676 Haud
1379 651 1440 675 me
1470 638 1571 689 fugit

117 715 257 752 magna
275 716 336 739 me
357 702 529 740 laborare
549 703 701 748 invidia,
722 711 838 754 atque
857 702 1012 740 infamia
1028 701 1128 746 ideo,
1150 700 1252 750 quod
1272 708 1446 738 auctores
1466 708 1571 738 vete-

117 776 179 801 res
201 764 433 814 conjecturis
454 764 559 809 meis,
582 772 624 800 ut
645 765 824 810 clamant,
846 763 1113 802 contaminem.
1172 761 1290 798 Haud
1317 762 1496 812 equidem
1516 762 1573 798 in-

117 825 280 871 fitiabor,
299 825 381 863 fieri
408 825 622 875 aliquando,
646 832 687 862 ut
707 825 993 877 importunitate
1015 823 1179 875 quadam
1207 835 1293 860 mea
1311 823 1406 860 labis
1426 823 1571 874 aliquid

116 887 277 925 vetustis
306 889 527 925 auctoribus
552 888 797 938 adspergam.
854 888 1079 925 Humanum
1111 885 1187 922 1100
1219 891 1289 922 est.
1346 885 1492 935 Negari
1522 892 1575 922 ta-

118 961 209 986 men
225 961 354 986 rursus
373 949 517 998 nequit,
539 949 663 999 ringat
678 949 768 986 licet
787 956 826 987 et
841 955 1037 999 rumpatur
1056 947 1209 990 invidia,
1226 959 1287 983 me
1307 947 1427 984 multo
1444 947 1573 997 plures

117 1010 225 1047 locos
255 1010 473 1060 gravissime
503 1010 661 1047 affectos
692 1018 731 1047 et
752 1011 975 1060 desperatos
1002 1009 1039 1046 in
1064 1008 1260 1051 Petronio,
1291 1008 1328 1044 in
1351 1008 1571 1053 Theocrito,

118 1071 289 1122 aliisque,
315 1071 345 1108 si
365 1084 460 1121 quos
481 1071 595 1116 edidi,
618 1072 694 1121 (qui
716 1072 828 1122 pauci
854 1070 957 1115 sunt)
978 1083 1133 1107 sanasse
1154 1069 1332 1108 feliciter.
1390 1069 1477 1106 Non
1499 1069 1576 1120 pri·

117 1145 202 1169 mus
217 1145 290 1182 ego
311 1132 385 1169 edo
405 1139 595 1177 auctores,
616 1133 684 1170 sed
705 1140 793 1183 post
813 1132 952 1169 multos
979 1131 1083 1175 alios,
1110 1144 1131 1167 e
1157 1144 1317 1180 quorum
1338 1131 1570 1168 editionibus

112 1199 267 1244 *vetusta
286 1193 402 1231 lectio
422 1193 592 1230 revocari
613 1200 749 1243 potest,
780 1206 847 1244 per
876 1206 937 1230 me
965 1193 1068 1239 licet,
1089 1192 1137 1228 ab
1164 1192 1391 1229 insecuturis
1420 1192 1574 1229 editori-

119 1255 203 1299 bus,
222 1254 252 1291 si
271 1255 405 1304 quibus
425 1254 541 1292 lectio
558 1268 644 1292 mea
659 1255 888 1305 displicebit.
928 1253 1159 1303 Ubicunque
1176 1252 1325 1290 facinus
1340 1253 1414 1290 hoc
1431 1254 1572 1299 audeo,

119 1315 233 1353 toties
262 1315 343 1366 ipse
373 1329 446 1365 ego
467 1315 505 1353 id
533 1329 695 1360 mone03
725 1330 801 1354 non
821 1316 966 1360 furtim,
993 1328 1068 1352 non
1100 1315 1210 1358 clam,
1241 1328 1318 1351 non
1350 1315 1467 1352 tacite
1497 1328 1576 1353 aera

118 1389 206 1414 mea
225 1389 318 1414 auro
337 1383 491 1414 vetusto
511 1377 713 1422 substituo,
733 1385 775 1415 ut
802 1377 1031 1428 Stephanus,
1052 1383 1094 1413 ut
1114 1375 1262 1421 wolfi*
1283 1384 1325 1413 ut
1350 1377 1438 1414 Itali
1457 1377 1572 1427 longe

118 1437 270 1487 plurimi
289 1438 479 1484 fecerunt,
498 1445 541 1475 ut
558 1438 771 1483 Bentleius,
789 1446 831 1476 ut
851 1439 1053 1482 editorum,
1071 1437 1132 1488 qui
1149 1437 1263 1475 hodie
1279 1444 1427 1476 veteres
1444 1447 1576 1476 aucto-

119 1511 182 1536 res
203 1499 407 1544 recudunt,
429 1512 540 1549 paene
559 1500 685 1537 nullus
705 1513 779 1537 non
797 1517 805 1545 ;
832 1513 939 1550 quos,
961 1500 990 1537 si
1011 1513 1072 1536 me
1092 1499 1167 1537 1100
1188 1500 1345 1537 crimine
1368 1502 1573 1550 urgebunt,

121 1572 206 1597 reos
226 1559 396 1607 ejusdem
417 1568 551 1598 contra
571 1574 705 1610 agaim
736 1562 805 1599 sed
826 1561 1022 1607 Petronio,
1043 1560 1110 1598 sed
1139 1561 1360 1606 Theocrito,
1387 1562 1457 1599 sed
1485 1562 1576 1600 huic

121 1620 193 1672 ipsi
215 1621 469 1659 Demostheni
486 1622 657 1659 tabulam
676 1623 805 1660 addidi
825 1623 1079 1660 mutationum
1099 1635 1185 1659 mea
1199 1629 1333 1673 sponte
1354 1622 1575 1674 importata-

119 1696 216 1729 rum,
234 1697 255 1721 e
275 1687 383 1732 cujus
403 1684 640 1734 inspectione
656 1685 781 1721 statim
803 1691 1034 1735 agnoscatur
1053 1684 1144 1734 quid
1164 1697 1187 1722 a
1205 1698 1267 1721 me
1286 1685 1334 1722 sit
1346 1685 1574 1735 profectum,

118 1744 213 1794 quid
232 1758 254 1783 e
273 1745 390 1783 libris.
447 1745 615 1782 Periculi
645 1746 736 1782 nihil
764 1747 811 1784 ab
838 1747 911 1784 hac
932 1759 1018 1783 mea
1044 1746 1192 1783 ratione
1218 1746 1402 1784 imminet.
1460 1747 1575 1798 Saepe

119 1806 229 1848 rideo
248 1820 398 1844 mecum
417 1813 456 1844 et
475 1806 634 1844 miseror
659 1816 871 1845 nostrorum
900 1807 1098 1845 hominum
1126 1808 1339 1854 stultitiam,
1361 1808 1424 1859 qui
1445 1822 1576 1847 veram

121 1881 274 1905 manum
298 1868 630 1919 Evangelistarum
656 1875 695 1905 et
725 1870 1018 1920 Apostolorum,
1048 1882 1177 1907 veram
1199 1869 1327 1915 Tullii,
1347 1883 1476 1908 veram
1497 1872 1579 1908 De-

121 1929 493 1975 mosthenis‚.veram
511 1929 721 1976 Plutarchi,
742 1944 872 1968 veram
892 1930 1074 1976 Petronii,
1090 1943 1220 1968 veram
1243 1930 1439 1969 Theocriti
1459 1946 1500 1971 se
1522 1941 1578 1970 te-

122 2004 215 2029 nere
237 1992 466 2036 existiment,
489 2005 575 2029 cum
596 1992 804 2030 editionem
833 1993 964 2038 Bezae,
987 1992 1188 2038 Gronovii,
1210 1992 1353 2038 Wolfii,
1378 1993 1576 2044 Stephani,

124 2052 345 2098 Burmanni,
369 2052 518 2090 Heinsii
538 2059 707 2099 teneant,
728 2054 945 2103 ignorantes
959 2067 1071 2104 quam
1088 2054 1207 2091 multa
1225 2054 1299 2091 sint
1316 2056 1363 2092 ab
1377 2055 1448 2092 illis
1464 2069 1577 2094 secus

123 2113 287 2169 prodita,
318 2120 434 2163 atque
464 2114 501 2150 in
519 2115 680 2151 vetustis
709 2115 815 2152 libris
848 2115 1011 2165 legatur,
1045 2128 1160 2165 quam
1194 2115 1330 2153 multas
1365 2117 1496 2168 plagas
1525 2118 1579 2155 illi

121 2173 199 2211 suis
220 2174 439 2212 auctoribus
458 2175 717 2225 imposuerint.
755 2176 889 2214 Securi
908 2176 961 2212 illi
979 2177 1213 2214 indormiunt
1231 2177 1458 2217 lectionibus
1478 2183 1578 2228 ejus-

123 2235 227 2272 modi
246 2235 349 2273 falsis
370 2242 408 2272 et
429 2236 706 2282 commentitiis,
727 2250 796 2287 pro
823 2237 868 2273 iis
889 2244 1071 2288 tanquam
1099 2250 1167 2287 pro
1196 2237 1269 2274 aris
1290 2246 1328 2276 et
1350 2239 1446 2277 focis
1469 2240 1577 2278 dimi-

121 2302 225 2340 cant,
242 2310 312 2346 pro
332 2296 497 2334 oraculis
519 2309 584 2334 eas
610 2297 754 2335 habent
775 2298 924 2336 coelitus
946 2298 1132 2343 demissis,
1153 2298 1192 2335 in
1218 2299 1262 2337 iis
1282 2299 1579 2352 interpretandis

122 2357 261 2395 misere
290 2371 331 2394 se
357 2365 562 2408 torquent;
593 2360 817 2410 sanguinem
838 2361 962 2405 citius,
985 2373 1099 2410 quam
1119 2373 1183 2398 eas
1202 2361 1402 2409 lectiones,
1425 2365 1578 2403 dimise-

120 2418 220 2463 rint;
248 2419 463 2457 nescientes
483 2419 566 2457 illas
596 2433 617 2457 e
639 2422 799 2459 cerebro
821 2421 941 2459 critici
964 2422 1125 2471 alicujus
1149 2422 1257 2468 furis,
1279 2432 1343 2461 aut
1362 2425 1577 2476 impostoris

121 2487 231 2518 natas
252 2494 350 2518 esse.
406 2481 649 2531 Inspicerent
669 2484 782 2520 modo
798 2491 969 2521 vetustos
990 2483 1145 2521 codices
1172 2492 1289 2523 mstos
1309 2486 1576 2536 impressosve,

121 2541 296 2579 viderent
311 2555 421 2579 suum
438 2555 622 2588 errorem,
643 2543 821 2582 viderent
840 2545 910 2582 sibi
925 2545 972 2582 ab
988 2544 1113 2595 aliquo
1134 2546 1337 2596 typotheta
1360 2548 1576 2595 aberrante,

121 2610 189 2640 aut
204 2603 332 2654 aliquo
351 2604 685 2654 grammaticastro
704 2605 916 2657 ineptiente
935 2613 1002 2644 aut
1022 2606 1171 2654 cerrito,
1193 2615 1259 2645 aut
1285 2609 1332 2646 ab
1353 2609 1479 2662 aliquo
1501 2612 1578 2649 cal-

123 2763 136 2784 ³⁶
166 2766 186 2786 ὕ
209 2766 317 2804 Disces,
331 2779 417 2808 quam
433 2770 533 2798 misere
553 2768 638 2811 Wolf*
653 2775 742 2800 totam
766 2772 924 2801 orationem
946 2771 991 2811 (in
1007 2770 1350 2814 Neaeram)funestarit.
1373 2771 1576 2814 (conjecturis

124 2826 232 2856 nempe
248 2818 309 2848 suis
324 2819 353 2848 ἰιι
372 2823 489 2849 textum
508 2820 725 2861 immittendis)
740 2822 899 2853 TAYLon.
916 2823 953 2851 ad
970 2833 1001 2862 p.
1017 2825 1091 2858 733,
1106 2825 1157 2853 35.
1202 2825 1244 2853 Et
1259 2824 1454 2853 nihilominus
1476 2829 1575 2853 tamen

124 2871 241 2898 textum
265 2871 351 2899 Dem.
370 2871 554 2900 Wolfianum
570 2873 658 2902 etiam
678 2873 868 2913 principibus
884 2874 912 2903 in
929 2874 1085 2904 literatura
1103 2885 1203 2913 graeca
1220 2874 1294 2904 viris
1311 2886 1404 2914 purus
1421 2879 1513 2914 putus
1529 2879 1576 2905 est

124 2919 358 2956 Demosthenes,
372 2921 470 2960 qualis
483 2933 521 2952 ex
539 2922 637 2962 ipsius
654 2924 786 2954 auctoris
800 2935 888 2954 manu
905 2926 1029 2966 prodiit,
1076 2926 1156 2955 Hem
1172 2925 1344 2965 sapientias!
