1824 3171
258 179 333 235 66

671 198 1318 242 ΔΗΜΟΣΘΕΝΟὙΣ

259 329 305 357 τι
334 317 424 366 τοῖς
449 319 659 368 πολλοῖς.
689 309 936 381 νομοθέτας
959 313 1246 365 καθίστατε.
1289 312 1328 364 ἐν
1355 310 1397 364 δὲ
1425 313 1591 371 τούτοις
1619 323 1709 372 τοῖς

261 381 513 450 νομοθέταις
536 382 601 452 (mi
627 384 776 445 θῆσθε
806 384 927 454 νόμον
959 384 1122 455 μηδένα

1226 384 1311 438 εἷο-ἶ
1347 389 1438 461 ’γάρ
1474 388 1572 455 ὑμῖν
1603 386 1707 437 ἵκοι-

1382 461 1393 475 (
1443 461 1465 470 η

259 452 425 516 νοι’-,
441 455 575 507 οἷλλοῖ
597 456 698 515 τοῦς
724 457 782 515 εἷς
807 458 859 509 τὸ
887 459 1025 533 παξόν
1048 461 1345 518 ἕλοὶπτοντας
1370 483 1487 529 υμας
1511 459 1705 521 λύσατε,

189 540 243 575 44
259 527 379 593 λέγω
405 526 447 580 δὲ
475 529 576 588 τούς
609 528 708 605 περὶ
736 530 819 581 τῶν
846 532 1081 606 θεωρικῶν,
1109 533 1266 596 σαφεῖς
1293 533 1470 594 οὑτωσί,
1498 533 1575 584 καὶ
1607 531 1709 591 τούς

257 665 454 696 constituunt.
479 667 595 697 Banu.

299 707 484 748 Νομοθέτας]
509 710 701 739 Nomothetae
724 714 807 740 erant
831 709 913 739 mille
937 714 968 739 et

256 759 347 785 unus,
360 761 527 790 quanquam
546 752 656 782 Pollux
672 763 763 782 unum
778 753 861 782 illum
876 763 968 793 supra

257 791 339 821 mille
355 803 412 822 non
426 799 593 830 recenseat,
607 799 689 825 sorte
705 795 806 825 electi.
842 797 874 825 Is
890 806 966 825 unus

257 835 531 873 superaddebatur,
548 847 585 866 ne
605 848 696 876 pares
717 842 815 867 essent
829 838 967 877 suffragi-

258 886 343 907 orum
356 879 477 909 calculi.
520 880 744 910 Thesmotbetae
761 881 923 919 quotannis
936 880 965 910 in

258 918 350 949 domo
369 921 505 959 publica,
529 922 579 952 ubi
604 923 689 960 leges
719 924 964 958 asservabantur,

257 963 488 998 conveniebant,
500 968 534 993 ut
544 964 684 994 viderent
696 976 731 995 ne
746 976 805 1004 qua
817 966 866 995 lex
879 966 966 995 alteri

257 1005 408 1034 contraria
423 1007 484 1045 legi
501 1011 647 1043 exstaret,
661 1017 699 1036 ne
715 1018 773 1047 qua
788 1007 873 1038 irrita
886 1008 967 1037 inter

255 1051 347 1082 ratas,
362 1057 441 1078 neve
466 1047 569 1088 plures
592 1050 631 1079 de
656 1060 714 1079 una
740 1055 770 1080 et
791 1051 897 1080 eadem
921 1061 964 1080 re.

256 1087 349 1125 Quod
361 1090 387 1120 si
403 1101 478 1129 quas
492 1091 665 1130 hujusmodi
682 1092 965 1132 deprehendissent,

256 1132 429 1172 descriptas
444 1134 475 1163 in
488 1135 601 1166 tabella
617 1137 829 1175 proponebant
841 1136 965 1175 publice

255 1175 292 1204 ad
302 1176 488 1206 Archontum
502 1178 726 1217 Eponymorum
738 1183 869 1208 statuas:
889 1180 966 1218 Pry-

255 1221 340 1247 tanes
353 1229 425 1249 vero
439 1220 614 1250 concionem
629 1222 790 1256 habebant,
804 1227 837 1251 ut
852 1223 967 1251 Norno-

255 1260 356 1290 thetas
385 1261 590 1299 designarent.
636 1264 802 1294 Referente
826 1265 966 1294 Proedro

254 1302 294 1331 de
307 1302 437 1341 legibus,
457 1305 557 1344 iisque
578 1305 678 1345 palam
703 1317 759 1345 pro
780 1307 926 1337 concione
950 1317 967 1336 a

254 1345 355 1375 scriba
384 1348 531 1384 recitatis,
560 1349 699 1387 quisquis
731 1350 855 1379 volebat
882 1350 967 1388 leges

255 1388 404 1418 suadebat
420 1390 468 1419 vel
491 1390 700 1426 dissuadebat,
718 1396 749 1421 et
772 1392 860 1430 siqua
881 1394 969 1421 abro-

256 1431 355 1468 ganda
371 1431 423 1460 lex
437 1437 512 1467 erat,
527 1434 690 1472 unicuique
707 1434 768 1473 legi
785 1435 968 1473 abrogandae

254 1472 388 1511 quinque
413 1484 453 1504 ex
477 1475 627 1506 universis
650 1477 889 1506 Atheniensibus
914 1477 969 1506 eli·-

257 1516 406 1553 gebantur
437 1518 567 1556 patroni.
627 1519 776 1558 Populus,
821 1520 968 1559 expensis

256 1557 398 1596 utrinque
414 1560 594 1596 rationibus,
611 1561 761 1591 sciscebat
782 1572 858 1600 quas
885 1563 970 1600 leges

256 1600 350 1630 vellet
361 1611 377 1630 e
390 1602 655 1638 Nomothetarum,
666 1605 780 1642 quihus
794 1609 892 1633 tamen
907 1615 969 1633 rem

257 1651 377 1672 omnem
404 1644 553 1683 integram
579 1647 799 1680 committebat,
816 1647 865 1676 vel
893 1647 970 1676 anti-

258 1684 346 1723 quari
365 1686 414 1714 vel
430 1692 509 1717 ratas
527 1688 643 1717 haberi.
689 1689 760 1718 Hoc
776 1689 877 1728 legum
897 1700 971 1718 exa-

255 1737 325 1757 men
342 1732 406 1757 erat
425 1730 513 1759 valde
535 1731 738 1760 necessarium
761 1731 789 1760 in
813 1731 970 1769 republica

257 1770 498 1806 Atheniensium,
514 1773 564 1801 ubi
579 1773 664 1809 leges
681 1773 867 1808 cumulandi,
884 1774 971 1802 abro-

257 1811 363 1850 gandi,
378 1814 530 1843 sanciendi
544 1814 682 1853 pruritus
696 1821 727 1844 et
744 1814 902 1854 φιλοκαινία
917 1815 971 1844 do-

257 1855 458 1885 minabantur.
482 1856 561 1886 Vide
575 1857 670 1886 Petit.
682 1857 710 1886 in
722 1859 797 1896 Leg.
808 1861 870 1887 Att.
883 1858 934 1887 lib.
950 1858 971 1887 i.

256 1896 307 1925 tit.
322 1899 352 1926 2.
376 1897 456 1928 Poll.
471 1899 525 1929 lib.
542 1899 609 1928 viii.
632 1902 704 1935 101,
729 1906 760 1930 et
782 1900 825 1928 ibi
844 1900 972 1929 doctiss.

259 1938 364 1969 Kiihn.
390 1941 468 1970 Vide
483 1941 573 1971 etiam
587 1942 693 1980 Sigon.
709 1942 748 1971 de
766 1944 844 1982 Rep.
860 1944 972 1972 Athen.

257 1981 312 2011 tib.
332 1982 364 2012 ii.
384 1993 453 2023 cap.
465 1987 496 2014 4.
520 1985 662 2014 ΜουΝτ.
679 1985 752 2014 Vid.
769 1987 842 2014 Not.
865 1986 971 2015 Stock.

259 2025 298 2053 ad
315 2025 417 2054 AEsch.
439 2037 467 2056 c.
492 2027 632 2067 Ctesiph.
653 2027 680 2066 ς.
706 2027 753 2062 ις’.
780 2027 910 2058 Postell.
934 2029 973 2058 de

260 2067 341 2106 nep.
355 2068 428 2098 Ath.
445 2079 472 2099 c.
486 2069 523 2099 V.
541 2077 573 2099 et
595 2071 720 2109 Proleg.
742 2070 777 2100 F.
796 2071 833 2100 A.
851 2070 974 2107 Wolfli,

259 2109 322 2139 vol.
335 2111 380 2140 11.

301 2152 344 2181 Ἐν
374 2152 403 2182 δὲ
433 2152 559 2194 τούτοις]
595 2155 665 2184 Hoc
696 2159 756 2190 est,
785 2154 831 2185 διὰ,
857 2155 973 2186 τούτων.

259 2195 382 2225 Wonr.
411 2197 444 2225 in
470 2195 524 2232 his,
551 2197 666 2237 quippe
692 2198 744 2236 qui
767 2199 853 2236 leges
878 2209 974 2228 novas

259 2242 414 2274 rogarent,
428 2238 448 2267 i.
463 2248 489 2268 e.
499 2249 552 2277 per
565 2240 623 2275 hos,
637 2241 690 2269 cfr.
703 2242 735 2270 in
749 2241 884 2271 Timocr.
897 2242 923 2281 §.
934 2240 975 2272 θ’.

261 2279 389 2310 Βῦωο.

304 2324 347 2352 Ma
372 2321 470 2364 θῆσθε]
495 2323 535 2353 Tei
556 2323 612 2362 μὲν
627 2323 732 2354 τιθέναι
747 2325 794 2354 καὶ
817 2325 920 2359 θεῖναι,
935 2337 975 2354 νο-

260 2362 392 2403 μοθέτου·
409 2365 442 2394 τὸ
458 2364 485 2394 δὲ
502 2365 606 2396 θέα-θαι
623 2367 713 2406 νόμον,
734 2370 783 2396 τοῦ
806 2367 893 2406 δήμου
909 2367 978 2398 εἷναί

261 2413 347 2444 φησι.
393 2408 475 2444 Quia
503 2410 642 2448 sequitur
666 2410 787 2439 λύσατε.
811 2411 856 2439 Μ.
881 2409 975 2440 θέσθε

261 2448 431 2486 imperandi
455 2451 558 2486 modo,
577 2457 608 2482 et
629 2462 708 2485 mox,
726 2463 756 2481 v.
772 2452 828 2482 ult.
851 2453 897 2482 καὶ
924 2454 978 2482 τῶν

261 2491 323 2530 περὶ
346 2493 400 2520 τῶν
419 2493 648 2534 στςατευομὲνων
669 2493 758 2530 ἐνίους,
778 2495 838 2528 vel,
864 2495 976 2525 omisso

260 2533 404 2568 articulo,
422 2537 469 2563 καὶ
486 2536 553 2576 περὶ
569 2540 623 2566 τῶν
637 2548 704 2577 στρ.
719 2536 741 2566 ἐ.
762 2538 885 2569 W'oxs.

304 2576 374 2609 Τοὺς
390 2576 426 2608 nic
438 2576 471 2605 τό
487 2578 586 2618 nageb]
604 2578 644 2608 Ἐν
665 2580 707 2618 τῷ
723 2580 837 2619 παρόντι
853 2582 978 2620 μᾶλλον,

263 2615 289 2652 ἢ,
305 2617 372 2657 πςός
387 2618 419 2647 τὸ
436 2619 518 2659 παρὸν
533 2623 668 2660 πρᾶγμα.
695 2624 796 2653 lomi.

305 2660 386 2698 Λέγω
410 2660 437 2690 δὲ
465 2663 528 2695 τοὺς
548 2665 609 2702 περὶ
635 2666 688 2693 τῶν
711 2664 857 2705 Θεωριιιῶν]
886 2666 980 2695 Athe-

260 2701 397 2737 nienses,
427 2710 498 2741 post
528 2706 640 2735 bellum
668 2708 872 2743 AEgineticum
903 2709 979 2737 inita

263 2754 331 2773 cum
344 2746 587 2776 Lacedaemoniis
601 2749 726 2785 triginta
738 2760 880 2780 annorum
893 2760 980 2788 pace,

262 2786 347 2816 mille
364 2788 475 2817 talenta
491 2791 651 2827 quotannis
669 2792 698 2819 in
723 2793 831 2821 :orario
854 2803 980 2830 sepone·

262 2829 348 2865 bant,
364 2841 421 2860 non
437 2833 648 2870 expendenda,
661 2833 719 2862 nisi
737 2835 835 2863 hostis
854 2836 882 2863 in
900 2835 980 2864 Atti-

262 2882 327 2902 cam
344 2875 494 2912 appulsus
515 2884 580 2904 eam
606 2875 782 2905 invaderet:
809 2878 833 2905 si
859 2878 926 2915 quis
950 2878 979 2906 in

265 2915 342 2945 alios
355 2926 428 2946 usus
441 2927 476 2946 eu
490 2916 693 2956 impendenda
706 2928 774 2947 esse
789 2920 979 2953 decerneret,

263 2962 362 2988 morto
379 2964 443 2989 erat
459 2961 643 2990 multandus.
692 2961 768 2990 Hire
788 2962 837 2991 lox
856 2972 892 2991 eo
917 2963 979 3000 pri·

1000 679 1081 698 mum
1091 669 1274 708 ardore,quo
1285 679 1363 699 nova
1370 670 1549 709 plerumque
1560 669 1709 705 instituta,

1001 712 1230 741 observabatur.
1277 713 1388 741 Postea
1405 713 1548 747 Pericles,
1565 722 1624 751 quo
1641 722 1708 750 gra-

1001 754 1073 783 tiam
1090 755 1205 792 populo
1227 754 1328 789 iniret,
1345 759 1450 784 auctor
1467 755 1525 783 suit
1545 761 1579 784 ut
1594 754 1707 784 viritim

1001 796 1122 826 civibus
1144 796 1413 831 distribuerentur,
1431 797 1468 826 ad
1484 797 1572 826 ludos
1587 801 1617 826 et
1638 807 1710 835 spe-

1000 839 1132 868 ctacula:
1158 839 1215 868 hoc
1233 844 1331 868 tamen
1350 840 1488 878 proviso,
1503 839 1709 876 utingrnente

999 881 1080 911 bello
1103 882 1167 910 haec
1191 882 1320 920 pecunia
1346 882 1376 910 in
1402 882 1531 911 militum
1556 881 1710 920 stipendia

1000 930 1218 953 numeraretur.
1262 924 1390 962 Utrique
1403 923 1518 963 pariter
1530 933 1710 954 consensum

1000 971 1064 996 est:
1093 976 1207 1001 verum,
1219 971 1250 996 ut
1264 967 1360 996 omnis
1374 967 1545 1005 disciplinae
1558 966 1709 996 relaxatio

1000 1010 1100 1039 serius
1116 1019 1211 1048 ocyus
1228 1010 1256 1038 in
1271 1005 1424 1039 licentiam'
1439 1009 1616 1047 degenerat,
1633 1009 1710 1038 adeo

1002 1052 1136 1091 populus
1149 1051 1356 1082 delectabatur
1368 1053 1422 1081 hac
1435 1051 1607 1089 largitione,
1618 1061 1708 1092 quam

1001 1095 1155 1124 Demades
1189 1093 1304 1124 Viscum
1327 1095 1514 1134 appellabat,
1535 1104 1594 1132 quo
1624 1094 1710 1124 cives

999 1147 1106 1167 omnes
1118 1147 1150 1167 se
1163 1136 1357 1176 illaqueatum
1370 1138 1444 1172 ibat,
1458 1142 1490 1167 ut
1499 1137 1580 1166 nullo
1591 1137 1711 1167 omnino

998 1179 1029 1209 in
1045 1190 1118 1209 casu
1135 1190 1201 1209 eam
1221 1180 1315 1210 vellet
1339 1180 1467 1214 detrahi,
1492 1189 1630 1218 annoque
1649 1189 1712 1219 quo

998 1223 1110 1252 habitae
1119 1226 1189 1252 sunt
1196 1223 1349 1252 orationes
1358 1222 1714 1262 Olynthiacae,Eubulus,

999 1266 1144 1304 princeps
1175 1265 1315 1295 factionis
1339 1275 1406 1304 quae
1432 1265 1632 1295 Demostheni
1659 1264 1713 1294 ad-

1000 1310 1190 1342 versabatur,
1201 1308 1280 1346 legis
1292 1313 1397 1338 auctor
1411 1311 1504 1342 esset,
1515 1318 1574 1346 qua
1586 1306 1712 1346 capitali

1001 1361 1092 1389 poena
1105 1355 1226 1380 cautum
1242 1355 1300 1385 est,
1317 1350 1424 1390 nequis
1438 1350 1599 1389 pecuniam
1619 1361 1637 1380 a
1652 1350 1713 1379 Pe-

1002 1393 1077 1423 ricle
1106 1393 1293 1431 spectaculis
1321 1394 1498 1423 destinatam
1526 1392 1557 1422 in
1585 1393 1712 1422 militum

1004 1436 1157 1474 stipendia
1173 1435 1325 1464 numerari
1342 1440 1470 1474 satagat.
1501 1435 1711 1474 Apollodorus

1003 1479 1108 1512 etiam,
1119 1479 1198 1516 quod
1208 1478 1390 1507 contrarium
1404 1478 1563 1510 suasisset,
1572 1478 1714 1507 multatus

1003 1527 1060 1550 est.
1084 1521 1203 1550 Andoc-
1216 1520 1255 1550 de
1270 1521 1350 1549 Pace
1364 1531 1431 1549 cum
1445 1521 1557 1550 Laced.
1573 1520 1713 1558 Thucyd.

1002 1563 1058 1592 lib.
1075 1563 1110 1592 ii.
1140 1563 1232 1592 Diod.
1258 1563 1382 1602 Oljmp.
1397 1566 1451 1598 87,
1466 1573 1513 1592 an.
1532 1564 1560 1592 2.
1585 1562 1668 1592 Plut.
1684 1562 1715 1591 in

1005 1606 1105 1635 Peric.
1130 1606 1288 1635 Demosth.
1312 1610 1418 1635 contra
1442 1606 1592 1634 Neaeram.
1638 1605 1716 1634 Haeo

1004 1659 1040 1677 ea
1054 1653 1101 1677 est
1120 1648 1230 1677 Eubuli
1254 1649 1302 1677 lex
1320 1658 1409 1686 quam
1427 1648 1649 1677 Demosthenes
1666 1657 1716 1677 ac-

1004 1695 1100 1725 cusat,
1114 1691 1223 1728 cuique
1240 1690 1363 1728 rapidos
1381 1691 1517 1728 Philippi
1535 1699 1716 1729 progressus

1003 1732 1145 1762 sustinus
1159 1733 1215 1761 lib.
1229 1732 1269 1761 vi.
1284 1737 1427 1770 acceptos
1443 1734 1547 1762 refert.
1573 1731 1717 1762 Tnurrell.

1005 1774 1085 1803 Vide
1104 1774 1195 1803 Petit.
1213 1774 1240 1802 in
1256 1774 1330 1811 Leg.
1346 1775 1409 1803 Au.
1427 1774 1480 1803 lib.
1498 1774 1540 1803 iv.
1560 1774 1664 1812 Sigon.
1678 1775 1716 1803 de

1006 1817 1089 1856 Rep.
1103 1817 1213 1845 Athen.
1225 1817 1277 1845 lib.
1292 1816 1333 1845 iv.
1343 1826 1411 1855 cap.
1423 1818 1453 1846 3.
1472 1817 1640 1854 Rhodigin.
1655 1819 1717 1846 An·

1007 1859 1062 1897 tiq.
1084 1860 1168 1889 Lect.
1191 1859 1246 1888 lib.
1263 1858 1329 1888 viii.
1345 1868 1413 1898 cap.
1428 1861 1458 1889 9.
1475 1864 1505 1889 et
1520 1859 1626 1888 Liban.
1641 1858 1718 1898 Arg.

1006 1902 1043 1930 ad
1057 1902 1183 1939 Olynth.
1199 1902 1226 1930 1.
1251 1901 1392 1932 Μουκτ.
1406 1901 1546 1941 Hesych.
1563 1912 1589 1931 a.
1604 1912 1635 1931 v.
1647 1901 1719 1931 θεαι-

1006 1942 1085 1984 ςυιδν,
1098 1949 1129 1973 et
1143 1944 1223 1973 Poll.
1235 1943 1298 1973 viii.
1314 1946 1365 1974 13.

1047 1987 1117 2019 Τοὺς
1131 1986 1191 2026 περὶ
1205 1988 1260 2016 τῶν
1274 1985 1504 2026 στςατευομένων
1515 1985 1610 2028 ἐνίους]
1624 1987 1642 2016 J
1646 1991 1720 2016 uxta

1007 2029 1126 2058 Solonis
1140 2030 1223 2067 leges
1234 2029 1382 2059 militares
1391 2029 1598 2068 unusquisque
1606 2028 1721 2059 civium

1010 2082 1065 2110 per
1081 2071 1168 2101 vices
1184 2082 1289 2102 nornen
1307 2082 1393 2102 suum
1411 2072 1546 2113 profiteri
1563 2081 1599 2101 ao
1616 2081 1672 2110 per
1688 2082 1721 2102 se

1010 2114 1143 2144 militare
1159 2115 1332 2144 necessario
1355 2115 1534 2153 tenebatur3
1559 2114 1610 2154 qui
1633 2122 1722 2144 secus

1010 2157 1135 2192 fecerat,
1159 2157 1259 2186 infami
1283 2157 1480 2196 ἀστρατεύτου
1502 2157 1621 2186 nomine
1636 2161 1722 2186 nota-

1011 2199 1110 2235 batur,
1124 2200 1249 2238 t'oroque
1262 2204 1292 2229 et
1304 2199 1427 2238 templis
1440 2200 1620 2229 exsulabat:
1637 2199 1722 2238 qnis-

1011 2242 1081 2280 quis
1099 2246 1198 2272 autcm
1217 2242 1354 2272 ordinem
1372 2252 1457 2271 suum
1479 2243 1669 2276 deseruerat,
1684 2241 1723 2271 ud

1012 2285 1201 2314 Heliastrum
1233 2285 1361 2314 tribunal
1403 2284 1580 2318 sistebatur,
1613 2284 1724 2323 quibus

1011 2337 1130 2365 poenam
1162 2327 1251 2356 etiam
1283 2327 1470 2366 aggravandi
1512 2327 1628 2356 animus
1663 2336 1724 2356 non

1012 2370 1128 2399 deerat.
1151 2369 1258 2399 AEsch.
1275 2369 1304 2398 in
1321 2369 1459 2408 Ctesiph.
1477 2369 1637 2399 Demosth.
1651 2379 1724 2399 con—

1013 2417 1060 2441 tra
1074 2412 1190 2441 Timoc.
1205 2416 1310 2441 contra
1324 2412 1425 2441 Neaer.
1441 2416 1472 2441 et
1484 2412 1522 2442 de
1539 2412 1638 2441 Rhod.
1655 2411 1723 2442 Lib.

1015 2456 1112 2493 Leges
1128 2454 1214 2483 hisce
1230 2455 1418 2493 posteriores
1430 2455 1468 2484 de
1485 2454 1523 2484 iis
1537 2454 1626 2483 valde
1636 2454 1724 2484 dero-

1013 2499 1138 2534 gabant,
1154 2498 1234 2526 unde
1257 2497 1368 2527 sactum
1395 2501 1453 2532 est,
1470 2501 1514 2532 ut,
1529 2496 1649 2526 labante
1673 2505 1725 2526 an-

1015 2540 1100 2579 tiqua
1130 2540 1307 2578 disciplina,
1337 2539 1435 2569 cuivis
1463 2539 1582 2574 liceret,
1612 2538 1725 2569 nnllam

1015 2583 1104 2611 aliam
1123 2583 1163 2610 olv
1175 2592 1293 2612 causum
1308 2592 1396 2621 qunm
1411 2581 1572 2616 desidiam,
1587 2581 1726 2611 militiam

1015 2626 1142 2664 impune
1154 2626 1340 2654 detrectare.
1370 2624 1593 2653 Demosthenes
1604 2624 1726 2654 Solonis

1015 2669 1100 2706 leges
1124 2668 1232 2697 iterum
1260 2672 1291 2696 ut
1316 2667 1434 2696 valeant
1457 2665 1551 2704 cupit.
1583 2665 1727 2696 Tourrell.

1017 2711 1097 2739 Mon
1106 2719 1160 2740 Ντ.
1189 2711 1333 2743 Fuerant,
1359 2708 1410 2747 qui
1438 2709 1477 2737 ob
1502 2708 1650 2738 desidiam
1674 2711 1726 2748 jus

1014 2752 1215 2781 immunitatis
1231 2762 1248 2780 a
1263 2751 1416 2790 stipendio
1434 2751 1557 2780 militari
1577 2752 1660 2789 (quae
1677 2752 1727 2786 iis,

1015 2794 1066 2833 qui
1096 2804 1237 2832 pompam
1268 2794 1505 2822 Bacchanalibus
1529 2794 1727 2830 adornabant,

1015 2846 1159 2865 concessa
1195 2835 1276 2870 erat)
1305 2836 1363 2864 sibi
1396 2835 1600 2866 vindicarent.
1659 2836 1727 2867 Jarn

1015 2879 1121 2907 a=diles
1149 2878 1294 2919 (χορηγοὶ)
1324 2883 1394 2907 natu
1427 2878 1581 2914 minimos,
1618 2879 1728 2918 quibus

1015 2921 1089 2950 illud
1108 2931 1216 2950 munus
1231 2922 1460 2956 demandarent,
1479 2921 1649 2961 eligebant3
1671 2922 1728 2952 hos

1014 2964 1144 2994 maxime
1162 2969 1264 2994 noster
1281 2964 1451 3004 impugnat.
1477 2963 1599 2995 Runic-
