1824 3171
594 169 671 205 AD
704 169 1166 208 DEMOSTHENEM.
1588 190 1633 214 cv

176 269 281 309 Scot.
304 271 418 311 1547.
439 269 504 307 lat.
524 280 622 307 vers,
638 282 676 319 p.
692 273 731 308 6.
751 283 786 308 a.
807 270 862 309 ὅτι
878 272 1036 320 ἠδυνήθη
1056 286 1092 313 c.
1109 272 1306 311 Timarch.
1325 273 1399 312 Ed.
1419 276 1506 314 Aldi
1523 277 1638 317 Wolf

173 335 235 371 15.
258 331 349 370 Not.
369 345 408 382 p.
426 333 541 370 1200.
600 330 698 370 Ven.
728 332 842 371 Hier.
871 334 978 373 Scot.
1009 349 1046 386 p.
1071 338 1133 373 10.
1155 348 1190 373 a.
1215 335 1271 373 ὅτι
1302 335 1487 387 μαθητής.
1533 338 1630 378 Οὔτε

170 394 325 431 κάλλιον
344 392 435 430 MS.
459 391 638 430 Vossian.
659 405 696 442 q.
717 392 883 433 Libanii.
910 409 945 435 v.
969 397 1102 448 Opera
1123 396 1289 435 Libanii.
1310 397 1423 434 Wolf
1440 401 1501 437 16.
1557 400 1629 438 Di-

168 454 345 492 narchus.
367 453 578 492 Demades.
613 453 664 491 ad
691 453 797 492 illum
815 469 850 495 v.
869 457 1064 497 Plutarch.
1095 459 1270 505 Photius,
1290 458 1442 505 Suidas,
1466 460 1632 500 Hermo-

166 528 300 566 genes,
323 515 513 562 Eudocia,
535 515 586 554 ad
606 515 707 554 hunc
726 516 874 556 Suidas.
917 519 1171 559 Praefationes
1194 520 1300 566 Aldi,
1320 521 1502 568 Manutii‚
1519 522 1633 562 Lama

165 577 244 615 bini
265 585 341 616 etc.
399 578 600 629 Chapman
630 586 837 618 comment.
866 580 915 618 de
944 581 1126 632 Ulpiano.
1183 582 1357 621 Lexicon
1390 583 1630 622 rhetoricum

163 637 407 691 Ulpianeum.
452 640 660 691 Appendix
692 648 880 680 notarum.
924 643 1056 682 Iacobi
1088 643 1259 693 Duporti
1292 651 1397 681 notae
1430 652 1541 682 mstae
1580 647 1630 684 ad

163 701 280 740 Dem.
308 716 330 740 e
360 703 451 740 bibl.
484 703 612 753 Regia
638 703 862 754 Cantabrig.
921 705 1049 743 Variae
1082 704 1270 743 lectiones
1300 718 1322 743 e
1355 705 1471 744 codd.
1504 706 1630 747 MSS.

163 763 319 802 Indices
348 764 400 801 hi.
460 764 495 813 1)
526 777 653 802 rerum
687 766 1002 804 memorabilium.
1058 767 1098 816 2)
1127 766 1282 804 Atticus
1314 766 1556 805 locutionum
1590 768 1630 806 in

161 823 279 863 Dem.
300 832 340 862 et
359 825 492 864 AEsch.
552 826 591 874 3)
608 832 810 863 auctorum
839 827 1147 865 emendatorum.
1206 827 1247 877 4)
1270 828 1460 867 Auctores
1479 828 1628 867 laudati

158 887 207 924 ab
225 887 394 938 Ulpiano
414 895 453 926 et
471 887 689 926 Scholiasta
705 887 913 928 AEschinis.
972 889 1142 928 Budaeus
1158 889 1259 928 from
1274 888 1453 929 Wolfius.
1493 889 1627 929 Wolfii

162 947 371 1000 Specimen
391 949 669 988 Demosthenis
701 949 854 988 edendi.

213 1010 341 1062 Caput
363 1010 517 1049 XVIII.
574 1010 810 1062 Fragmenta
830 1012 1034 1058 AEschinis,
1066 1027 1104 1064 p.
1129 1014 1244 1054 1307.
1303 1013 1625 1053 Adversariorum

157 1071 303 1123 scripta
330 1072 412 1123 ipse
445 1072 592 1123 Taylor
622 1085 752 1110 rursus
785 1073 934 1111 calamo
964 1074 1184 1120 induxerat,
1218 1081 1274 1120 ut,
1307 1083 1373 1113 aut
1401 1088 1477 1113 non
1508 1075 1626 1127 digna

156 1133 257 1178 luce,
280 1141 347 1171 aut
362 1135 442 1184 jam
473 1147 495 1171 a
519 1147 560 1172 se
582 1133 725 1184 passim
758 1133 931 1172 locorum
962 1136 1089 1173 allata.
1124 1143 1375 1187 quapropter,
1405 1138 1622 1187 praesertim

154 1208 241 1232 cum
262 1208 387 1246 pauca
414 1201 555 1241 essent,
575 1207 625 1232 ne
657 1208 770 1233 unam
802 1196 957 1247 quidem
991 1196 1171 1248 paginam
1203 1197 1415 1248 implentia,
1443 1206 1623 1250 repetere

156 1255 277 1294 nolui.

208 1318 337 1368 Caput
358 1317 448 1356 XX.
505 1317 693 1368 Sophistoe.
751 1319 931 1357 Tiberius
953 1319 1106 1358 Rhetor
1137 1320 1187 1359 de
1217 1320 1485 1360 Schematibus
1515 1324 1622 1373 apud

154 1378 361 1417 Demosth.
391 1379 485 1417 bibl.
511 1392 601 1430 reg.-
617 1379 738 1419 Paris.
768 1394 806 1418 n.
827 1383 948 1420 2918.
1006 1381 1160 1420 Libanii
1192 1382 1313 1421 oratio
1342 1382 1622 1422 Demosthenis

152 1441 307 1480 nomine
336 1441 423 1480 adv.
446 1441 672 1480 AEschinem
700 1442 788 1481 cod.
810 1443 913 1493 Reg.
936 1442 1057 1481 Paris.
1088 1457 1126 1482 n.
1154 1446 1272 1484 2998.
1332 1443 1466 1493 Ejusd.
1497 1446 1620 1484 oratio

152 1503 269 1542 Dem.
291 1503 445 1542 nomine
464 1511 550 1554 post
569 1504 745 1555 proelium
777 1505 827 1543 ad
848 1505 1102 1543 Chaeroneam
1132 1506 1230 1544 mori
1261 1506 1501 1557 postulantiS.
1532 1509 1619 1546 ibid.

153 1565 286 1615 Ejusd.
305 1579 360 1604 or.
381 1566 497 1604 Dem.
525 1566 678 1605 nomine
700 1567 879 1618 Philippo
901 1567 992 1605 dedi
1013 1567 1215 1618 cupientis.
1270 1569 1356 1607 ibid.
1378 1568 1514 1618 Ejusd.
1535 1583 1617 1608 ora-

153 1627 220 1675 ti-o,
242 1641 319 1679 qua
338 1627 455 1666 Dem.
487 1628 673 1666 rationem
703 1629 835 1667 reddit
866 1642 932 1666 cur
958 1642 982 1667 a
1001 1629 1179 1680 Philippo
1209 1629 1383 1668 dimissus
1414 1630 1464 1668 ad
1495 1643 1616 1682 remp.

151 1703 229 1727 non
249 1689 424 1728 accedat.
475 1690 560 1728 ibid.
583 1690 720 1741 Ejusd.
741 1704 796 1730 or.
817 1691 935 1730 Dem.
956 1691 1123 1738 nomine,
1141 1691 1369 1729 AEschinem
1390 1692 1619 1739 accusantis,

149 1752 255 1803 quod
272 1751 376 1790 solus
396 1763 444 1789 ex
460 1751 760 1791 Atheniensibus
781 1751 830 1791 ad
847 1751 1211 1804 Amphictyonicum
1228 1752 1417 1803 judicium
1438 1752 1618 1804 Philippo

150 1825 229 1851 non
250 1812 535 1851 contradixerit.
567 1812 667 1853 Cod.
685 1813 788 1866 Reg.
803 1813 926 1853 Paris.
942 1827 980 1852 n.
996 1817 1089 1853 583.
1125 1814 1200 1852 See
1216 1813 1368 1852 Libanii
1386 1814 1508 1866 Epist.
1525 1818 1618 1855 925.

154 1874 317 1914 Photius
338 1874 438 1914 Cod.
459 1877 550 1914 243.

688 2012 903 2055 CAPUT
936 2013 1076 2055 VIII.

452 2085 702 2124 Demosthenis
721 2088 902 2125 orationes
921 2087 1064 2132 habitae,
1072 2087 1305 2137 fragmenta.

660 2148 872 2199 Philippicae
895 2148 1102 2187 Orationes.

199 2232 406 2271 S'roBAEUs
435 2246 473 2284 p.
486 2235 578 2274 201.
593 2235 687 2273 244.
708 2237 802 2274 245.
817 2237 910 2274 246.
927 2238 1019 2273 344.
1035 2237 1127 2274 566.
1144 2235 1236 2275 270.
1257 2234 1351 2274 365.
1406 2233 1608 2274 Plutarch.

145 2294 256 2347 polit.
272 2302 456 2346 praecept.
476 2308 514 2346 p.
536 2298 628 2335 389.
644 2296 735 2334 fine.
782 2295 1030 2335 Valckenaer
1048 2296 1099 2335 ad
1112 2296 1291 2333 Ammon.
1312 2309 1349 2347 p.
1362 2295 1429 2337 73.
1469 2296 1613 2335 Multae

148 2356 257 2410 [sunt
276 2357 377 2407 ejus]
404 2363 498 2396 totae
517 2357 749 2409 [orationes]
775 2371 926 2409 graves,
953 2365 996 2396 ut
1019 2359 1200 2410 quaedam
1219 2357 1452 2409 philippicae.
1484 2358 1614 2398 Cicer.

146 2433 202 2458 or.
234 2419 398 2463 Quintil.
417 2420 494 2457 III.
510 2423 548 2458 8.
570 2420 638 2458 VI.
654 2419 720 2458 fin.
764 2420 913 2459 Victor.
935 2421 1025 2459 Var.
1047 2420 1163 2459 Lect.
1183 2433 1221 2471 p.
1241 2422 1306 2459 94.
1327 2422 1394 2459 95.
1417 2423 1506 2460 136.
1526 2423 1616 2459 145.

145 2484 238 2520 248.
295 2481 429 2520 Schol.
451 2481 492 2519 in
519 2481 753 2521 Androtion.
780 2496 818 2534 p.
839 2485 933 2522 391.
988 2482 1119 2522 Vales.
1147 2482 1198 2521 ad
1225 2482 1462 2534 Harpocrat.
1489 2496 1527 2534 p.
1548 2485 1614 2522 26.

144 2543 295 2595 saepius,
315 2557 352 2594 p.
373 2546 439 2582 38.
467 2543 535 2582 ubi
555 2543 605 2582 de
632 2542 766 2582 ordine
793 2544 1112 2596 Philippicarum.
1170 2543 1390 2583 Robortell.
1421 2551 1613 2583 annotatt.

146 2619 183 2645 c.
197 2610 234 2645 3.
254 2619 291 2657 p.
308 2609 372 2645 31.
429 2604 562 2657 Sigon.
578 2619 617 2657 p.
633 2608 724 2645 152.
781 2606 930 2645 Meurs.
943 2607 1063 2646 Attic.
1079 2606 1196 2645 Lect.
1213 2606 1268 2645 II.
1286 2609 1326 2645 4.
1374 2606 1554 2645 Ammon.
1575 2606 1612 2643 in

145 2670 334 2720 παρέχειν.
391 2667 613 2719 Etymolog.
635 2668 696 2707 M.
730 2670 819 2707 151.
840 2671 878 2708 5.
912 2669 1081 2710 187.56.
1111 2671 1204 2708 44⁴9.
1224 2671 1263 2707 9.
1292 2668 1386 2709 736.
1407 2670 1445 2706 5.
1476 2667 1612 2706 Maus-

148 2742 225 2767 sac.
244 2729 295 2768 ad
315 2729 510 2781 Harpocr.
529 2743 569 2781 p.
593 2732 757 2769 138.24.
778 2733 844 2769 66.
865 2731 929 2772 97.
950 2733 1038 2769 111.
1056 2733 1145 2769 113.
1162 2732 1255 2768 248.
1273 2732 1338 2768 90.
1357 2728 1406 2766 de
1423 2728 1612 2767 Arthmio.

147 2789 287 2830 Cicero
308 2792 359 2830 ad.
374 2792 499 2830 Attic.
516 2792 549 2830 Ι.
566 2794 604 2831 2.
660 2791 811 2830 Gellius
831 2796 871 2832 9.
888 2796 924 2831 3.
973 2792 1160 2843 Polybius
1179 2791 1218 2828 in
1236 2790 1423 2841 Excerpt.
1442 2789 1611 2828 Peiresc.

147 2864 185 2902 p.
198 2855 262 2891 90.
284 2865 365 2904 seq.
421 2853 666 2905 Nicephorus
682 2853 881 2904 Gregoras
904 2856 968 2892 12.
983 2856 1022 2892 5.
1042 2853 1147 2891 Hist.
1164 2867 1204 2904 p.
1220 2855 1311 2891 365.
1369 2851 1613 2901 Hermogen.

149 2913 211 2951 ed.
228 2913 347 2965 Crisp.
368 2927 409 2966 p.
424 2918 515 2955 341.
537 2918 628 2956 362.
651 2919 742 2956 363.
763 2917 855 2958 375.
912 2915 1133 2968 Philippum
1161 2928 1295 2966 regem
1325 2911 1612 2957 Macedonum

205 2994 306 3023 VOL.
329 2995 357 3022 1.
897 2998 917 3021 0
