1824 3171
545 175 624 213 AD
655 165 1117 212 DEMOSTHENEM'.
1490 183 1564 211 ccv

623 420 790 463 SECT.
824 419 1027 463 XXIX.

587 539 648 575 De
685 539 837 577 editione
868 538 1053 576 feliciani.

163 652 249 692 SUB
270 652 417 691 exitum
439 652 525 690 anni
546 653 752 704 superioris
784 656 898 695 1769.
919 653 1017 692 hanc
1047 651 1257 691 editionem
1288 652 1338 690 ad
1367 664 1428 689 me
1458 649 1562 687 misit

110 714 343 766 Strasburgo
376 715 432 752 vir
463 715 634 762 illustris,
656 716 888 766 Brunckius,
910 715 1156 754 Consiliarius
1179 714 1298 764 Regis
1321 711 1565 752 Christianis-

109 776 207 816 simi.
240 777 469 828 (Conseiller
488 777 536 815 de
557 779 674 824 Cour,
709 779 944 816 Receuveur
958 777 1038 815 ,des
1072 777 1296 821 Domaines,
1315 783 1355 814 ct
1376 774 1564 813 Commis-

109 838 207 876 saire
233 840 282 877 de
304 840 473 889 Guerre)
495 842 603 891 cujus
633 841 872 878 voluntatem
898 840 989 877 mihi
1014 839 1224 878 Stoeberus
1246 840 1294 876 V.
1312 840 1358 877 C.
1383 837 1565 876 concilia-

109 900 175 938 vit.
199 902 356 948 Raram,
379 915 501 953 eoque
522 903 657 940 summi
678 902 898 941 faciendam
923 902 962 939 in
988 902 1068 939 viro
1097 901 1197 938 illius
1219 900 1362 939 ordinis
1392 899 1567 951 peritiam

109 976 323 1013 graecarum
354 964 549 1002 literarum
581 965 827 1016 studiumque
860 978 991 1003 earum
1024 964 1265 1007 incredibile,
1300 976 1377 1000 non
1410 974 1566 1012 possum

109 1024 185 1063 hoc
217 1025 303 1063 loco
334 1025 416 1064 sine
445 1026 722 1078 praedicatione
757 1027 1054 1078 qiiatlam·mea‚
1089 1039 1164 1076 qua
1200 1026 1263 1063 ille
1295 1038 1372 1062 non
1403 1023 1567 1073 indiget,

109 1086 380 1124 transmittere.
436 1087 627 1136 Magnum
647 1100 670 1124 a
691 1087 886 1124 Brunekio
907 1099 993 1124 meo
1015 1087 1133 1123 decus
1168 1092 1377 1135 acceptura
1409 1083 1458 1120 sit
1484 1083 1569 1119 An-

109 1148 281 1198 thologia
300 1160 443 1198 graeca,
465 1151 576 1198 quus
596 1149 660 1185 ille
680 1149 811 1186 studio
831 1148 1016 1199 imprimis
1045 1154 1213 1191 tenetur,
1235 1147 1265 1184 si
1284 1159 1353 1196 per
1371 1145 1464 1182 alias
1480 1157 1568 1194 gra-

108 1209 234 1246 viores
253 1209 528 1260 occupationes
548 1209 601 1246 illi
621 1209 755 1247 liceret
784 1209 951 1247 animum
973 1208 1216 1259 expoliendae
1236 1207 1324 1244 huic
1354 1218 1570 1257 graecorum

109 1269 428 1320 epigrammatum
454 1271 676 1309 collectioni
697 1271 879 1321 adjicere.
937 1270 1121 1308 Nondum
1153 1268 1308 1320 quidem
1337 1267 1429 1305 mihi
1461 1266 1572 1305 licuit

81 1373 84 1377 ‚
109 1345 159 1370 ne
176 1332 288 1381 huJus
309 1333 465 1383 quidem
485 1332 808 1384 praestantissimae
837 1332 1015 1370 editionis
1035 1331 1223 1370 lectiones
1243 1330 1392 1382 penitus
1426 1342 1570 1380 cogno-

109 1407 235 1439 scere,
258 1408 383 1446 neque
409 1395 447 1432 in
476 1395 621 1447 sylvam
651 1409 775 1433 meam
805 1395 961 1433 referre.
1021 1394 1100 1432 Sed
1133 1401 1340 1444 antequam
1370 1391 1434 1429 illa
1462 1391 1572 1442 sylva

109 1457 352 1508 typographo
371 1458 604 1496 excudenda
624 1459 661 1494 in
682 1470 815 1496 manus
836 1457 1025 1502 tradatur,
1048 1456 1191 1494 curabo
1218 1462 1260 1492 ut
1279 1455 1392 1504 hujus
1414 1466 1569 1504 quoque

109 1518 295 1557 lectiones
314 1519 483 1558 fideliter
502 1529 692 1571 excerptae
716 1520 808 1558 illuc
828 1519 1054 1556 referantur.
1112 1517 1304 1556 Universe
1325 1516 1458 1553 videor
1477 1515 1571 1552 mihi

111 1580 347 1628 observasse,
377 1595 509 1619 verum
540 1595 638 1627 esse,
661 1582 766 1633 quod
786 1581 985 1619 affirmavit
1007 1580 1210 1631 Taylorus‚
1233 1592 1319 1630 quae
1349 1579 1464 1615 bonae
1494 1579 1572 1614 sint

109 1642 148 1679 in
178 1642 348 1681 editione
367 1643 477 1681 Pauli
498 1643 668 1681 Manutii
688 1643 889 1689 lectiones,
913 1656 978 1680 eas
999 1655 1129 1679 omnes
1150 1655 1171 1679 e
1194 1640 1414 1679 Felicianea
1435 1646 1570 1676 mutuo

109 1710 255 1741 sumtas
271 1717 368 1742 esse.
428 1705 500 1742 Est
519 1712 711 1756 praeterea
728 1705 814 1742 haec
836 1704 1056 1742 Felicianea
1076 1711 1113 1741 et
1134 1704 1275 1741 chartis
1290 1703 1425 1740 incusa
1445 1702 1573 1752 splen-

111 1765 335 1812 didioribus,
350 1773 389 1804 et
407 1767 507 1817 typis
523 1766 801 1817 grandioribus,
823 1774 941 1817 atque
958 1767 1212 1804 nitidioribus.
1229 1766 1269 1803 id
1283 1766 1387 1817 quod
1402 1765 1462 1802 vel
1483 1764 1572 1802 inde

113 1824 278 1874 censtet‚
296 1829 400 1879 quod
415 1828 644 1866 Felicianeoe
660 1828 839 1867 volumen
852 1829 1010 1880 primum
1024 1835 1132 1866 tenet
1144 1828 1238 1866 folia
1254 1832 1343 1866 181.
1358 1827 1573 1866 secundum

111 1893 204 1929 364.
225 1890 382 1928 tertium
403 1894 494 1930 369.
528 1891 699 1929 Paulinae
732 1899 864 1929 autem
893 1891 1075 1929 volumen
1106 1891 1265 1942 primum
1292 1897 1401 1928 tenet
1428 1890 1571 1927 solum-

111 1953 230 1990 modo
249 1953 343 1990 folia
361 1956 450 1991 122.
471 1954 685 1991 secundum
705 1956 797 1992 248.
814 1953 966 1991 tertium
986 1956 1077 1991 243.
1136 1953 1286 1995 Quibus
1307 1965 1328 1990 e
1348 1951 1452 1990 libris
1473 1951 1574 1988 Feli-

114 2015 248 2052 cianus
269 2015 575 2053 Demosthenem
596 2015 785 2054 Aldinum
814 2015 1091 2065 emendaverit,
1125 2022 1164 2053 et
1193 2027 1268 2066 quo
1289 2014 1459 2058 delectu,
1481 2013 1573 2063 quid

114 2089 270 2128 quoque
288 2076 376 2114 loco
397 2083 463 2114 aut
491 2076 529 2113 in
561 2076 667 2114 libris
697 2090 720 2115 a
740 2090 782 2115 se
803 2084 1014 2128 repertum,
1036 2083 1102 2114 aut
1123 2090 1145 2114 a
1165 2090 1206 2114 se
1227 2089 1296 2114 suo
1317 2082 1439 2114 marte
1461 2087 1575 2112 exco-

113 2138 278 2189 gitatum
297 2146 337 2176 ct
358 2139 611 2176 Demostheni
631 2139 811 2178 donatum
840 2146 955 2185 esset,
977 2138 1147 2176 incertos
1169 2138 1218 2175 de
1239 2151 1286 2175 eo
1307 2150 1375 2175 nos
1405 2149 1489 2174 esse
1509 2149 1575 2173 vo-

113 2201 205 2246 luit;
235 2206 326 2252 quaej
345 2214 498 2251 magna,
529 2214 656 2252 neque
682 2201 844 2239 ferenda
871 2207 940 2246 est,
971 2214 1040 2238 seu
1068 2200 1259 2245 secordia,
1282 2213 1351 2237 seu
1370 2199 1505 2237 levitas
1535 2206 1574 2236 et

114 2263 317 2314 neglectus
339 2276 596 2316 personaeque
624 2272 663 2301 et
688 2263 885 2314 religionis
905 2277 998 2308 suae,
1014 2276 1089 2314 qua
1111 2263 1235 2301 editor
1253 2262 1416 2314 quisque
1436 2261 1577 2300 vetusti

115 2328 381 2376 cujuscunque
401 2326 583 2371 auctoris,
607 2333 647 2363 et
662 2325 734 2377 ipsi
754 2325 904 2363 auctori
924 2338 1007 2370 suo,
1031 2332 1070 2362 et
1090 2324 1298 2362 emtoribus
1318 2331 1435 2375 atque
1455 2325 1575 2362 lecto-

113 2388 219 2426 ribus
241 2388 417 2426 editionis
437 2401 517 2426 suae
546 2389 755 2426 obstrictus
776 2394 845 2434 est,
859 2400 929 2426 seu
957 2394 1176 2425 contemtus
1195 2386 1431 2438 posteritatis
1462 2393 1501 2423 et
1515 2388 1577 2434 ju-

115 2449 205 2488 dicii
225 2449 382 2501 publici,
405 2449 727 2488 existimationem
747 2450 867 2501 ipsius
897 2449 1055 2487 editoris
1085 2449 1246 2494 laedens,
1278 2457 1318 2487 et
1349 2448 1576 2492 emtoribus,

116 2519 308 2562 quotquot
327 2511 391 2549 ille
413 2511 483 2549 sibi
505 2519 635 2562 sperat
665 2512 830 2557 futuros,
852 2511 1051 2562 molestus,
1072 2524 1218 2561 eosque
1238 2511 1421 2549 fraudans
1450 2511 1579 2548 fructu

114 2573 269 2619 laboris,
292 2587 408 2624 quem
428 2573 465 2609 in
495 2574 720 2611 adornanda
748 2574 918 2611 editione
952 2586 1021 2611 sua
1049 2573 1275 2612 exantlavit.
1334 2573 1488 2623 Perlegi
1510 2572 1577 2610 ali-

118 2634 268 2685 quoties
288 2641 327 2672 et
343 2634 628 2673 dedicationem
649 2642 688 2673 et
708 2635 976 2686 praefationem
999 2635 1193 2681 Feliciani,
1212 2636 1282 2673 sed
1303 2635 1341 2672 in
1362 2642 1498 2673 neutra
1517 2634 1576 2671 vel

118 2696 273 2733 verbum
304 2697 376 2734 hac
396 2696 519 2741 dere,
546 2710 631 2747 quae
658 2703 716 2733 est
746 2696 889 2733 homini
919 2696 1053 2734 critico
1082 2697 1204 2734 multo
1226 2697 1459 2747 gravissima,
1481 2696 1577 2734 etin

119 2769 196 2806 qua
219 2770 407 2795 summam
427 2758 482 2795 rei
501 2758 565 2796 illc
586 2758 764 2805 collocat,
794 2759 920 2809 reperi
938 2776 947 2803 3
975 2765 1113 2809 praeter
1133 2759 1243 2796 istaec
1264 2772 1388 2809 pauca
1409 2766 1445 2795 et
1466 2770 1576 2807 vaga,

121 2831 207 2867 quae
224 2819 507 2858 dedicationem
530 2821 794 2858 exordiuntur.
841 2826 865 2842 ‘⁶
882 2821 980 2858 Cum
1001 2821 1263 2871 superioribus
1281 2821 1428 2865 diebus,
1447 2820 1577 2857 Abbas

123 2877 353 2926 Clarissime,
376 2881 650 2920 Demosthenis
669 2905 719 2909 ——
735 2882 928 2920 orationes
960 2882 1135 2920 collectis
1156 2883 1381 2933 quibusdam
1412 2881 1577 2931 antiquis

124 2939 320 2980 codicibus
350 2943 686 2994 recognoscendas
715 2944 982 2996 suscepissem,
1006 2958 1081 2996 quo
1112 2945 1160 2984 ad
1197 2944 1455 2983 studiosorum
1482 2942 1578 2980 utilin
