1824 3171
210 155 308 192 cxlvi
667 156 871 194 REISKII
903 156 1186 195 PRAEFATlo

206 253 319 292 hodie
340 253 385 291 de
409 255 581 294 laudibus
600 258 680 308 ejus
707 259 877 297 oratoriis
906 259 957 297 ita
982 266 1148 306 constat,
1169 267 1209 297 ut
1230 259 1384 311 putidus
1405 259 1454 297 sit
1472 266 1510 297 ct
1530 259 1647 297 sibilis

206 317 484 369 explodendus,
505 320 536 358 si
552 320 615 371 qui
635 321 705 369 soli
721 322 842 361 facem
864 322 1063 362 accendat.
1118 323 1192 362 Tot
1211 330 1395 374 praeterea
1416 329 1555 360 suntet
1575 330 1649 360 tam

205 379 336 428 gravia
354 387 466 430 atque
488 382 612 433 spissa
626 383 779 433 agenda
792 391 831 422 et
845 383 1074 430 meditanda,
1089 391 1127 422 et
1141 385 1393 430 enucleanda,
1411 393 1486 422 tam
1503 384 1651 422 edituro

206 443 309 482 hune
326 451 529 492 oratorem,
548 459 663 496 quam
689 446 738 485 ad
771 460 859 486 eum
886 447 1106 498 proefaturo,
1132 454 1176 486 ut
1202 447 1262 485 vix
1282 448 1395 486 finem
1414 448 1537 499 operis
1552 448 1651 484 inve-

208 506 299 552 niat,
318 514 358 544 et
377 520 487 558 poene
505 514 622 547 totam
648 515 800 547 aetatem
821 509 858 547 in
879 522 926 548 eo
950 522 1026 547 uno
1046 509 1344 549 consumendam
1359 509 1511 547 habeat.
1567 509 1650 559 Ego

204 579 306 612 vero,
330 575 371 606 ut
399 581 506 607 mens
540 569 628 607 mihi
655 570 751 608 laeva
769 570 852 617 fuit,
869 570 971 620 quod
994 570 1238 609 vehementer
1263 570 1383 616 dolet,
1416 570 1462 608 ad
1493 577 1649 620 gustan-

205 627 296 665 dum
314 635 353 667 et
370 629 628 668 imbibendum
654 631 968 677 Demosthenem,
996 639 1035 670 et
1053 631 1172 670 multo
1192 631 1304 669 etiam
1325 631 1445 670 serius
1464 631 1511 668 ad
1540 631 1653 669 eden-

203 689 293 727 dum
311 690 433 741 adjeci
453 691 634 738 animum,
654 705 768 743 quam
784 699 826 731 ut
846 693 1085 732 exasciatum
1105 693 1197 744 quid
1216 693 1451 745 promittere,
1470 699 1536 730 aut
1554 706 1651 744 prae—

205 749 357 789 fationis
377 751 502 790 saltim
520 752 700 804 copiosae,
719 753 858 804 plenae,
882 761 920 792 et
940 767 1024 793 vere
1044 754 1292 807 pragmaticae
1322 766 1427 805 spem
1454 754 1580 792 facere
1606 753 1651 790 li-

205 817 302 849 ceat.
357 811 475 850 Juvat
493 813 619 864 capita
638 814 815 864 quaedam
835 814 898 853 hic
918 815 1103 867 attingere
1122 828 1265 862 eorum,
1283 829 1370 867 quae
1390 814 1651 867 praefationem

204 873 349 920 paranti
369 885 446 911 non
466 873 600 912 leviter
614 876 917 926 perstringenda,
935 876 1002 914 sed
1017 877 1168 927 penitus
1182 876 1412 915 excutienda
1430 883 1470 914 et
1487 876 1525 913 in
1541 876 1652 926 plena

203 933 289 970 luce
316 933 543 974 collocanda
571 935 662 974 sint.
734 937 859 976 Debet
885 937 950 975 ille
967 951 1001 976 e.
1019 950 1055 976 c.
1075 937 1125 975 de
1156 937 1298 975 ratione
1322 944 1491 975 veterum
1513 937 1655 975 Demo-

204 993 377 1032 sthenem
398 995 434 1032 in
456 996 597 1035 scholis
617 996 696 1036 suis
715 997 1004 1050 interpretandi,
1025 1006 1063 1037 et
1087 999 1124 1037 in
1157 999 1306 1051 scriptis
1335 998 1509 1036 imitandi
1532 1010 1650 1049 expo*

204 1069 315 1100 nere3
335 1070 421 1107 quae
440 1058 599 1097 imitatio
618 1066 676 1098 est
689 1060 900 1112 multiplex.
917 1073 994 1099 non
1008 1061 1106 1099 enirn
1120 1061 1362 1099 solummodo
1374 1060 1427 1098 illi
1444 1060 1650 1103 imitantur,

205 1118 268 1168 qui
289 1117 398 1156 locos
416 1121 573 1158 oratoris
592 1121 783 1171 quosdam
804 1129 872 1160 aut
889 1122 1119 1160 verbotenus
1140 1121 1313 1168 recitant,
1332 1129 1372 1160 et
1394 1121 1543 1172 scriptis
1572 1120 1650 1158 suis

206 1179 396 1226 intexunt,
416 1189 480 1219 aut
500 1182 689 1221 allusione
709 1183 876 1234 quadam
897 1182 1150 1228 adumbrant;
1187 1182 1403 1235 cujusmodi
1420 1181 1523 1221 locos
1542 1181 1650 1219 inda·

206 1253 312 1290 gare,
343 1242 524 1288 indicare,
547 1251 585 1281 et
612 1257 698 1282 cum
729 1244 910 1295 exemplo
929 1244 1154 1295 primigenio
1174 1257 1408 1296 comparare,
1426 1255 1562 1281 munus
1580 1242 1649 1279 im-

206 1301 333 1351 primis
352 1303 480 1341 nobile
499 1304 655 1343 editoris
675 1312 761 1348 est;
784 1305 888 1356 quod
904 1305 1011 1344 nobis
1031 1319 1078 1344 ne
1097 1312 1242 1344 tentare
1256 1306 1409 1357 quidem
1423 1305 1554 1350 licuit;
1581 1304 1649 1342 sed

205 1371 243 1399 et
264 1363 315 1401 illi
344 1363 551 1411 imitantur,
571 1365 650 1416 qui,
672 1372 716 1404 ut
735 1365 920 1404 Aristides
952 1366 1056 1413 fecit,
1079 1368 1270 1405 orationes
1295 1367 1466 1405 scribunt
1491 1365 1650 1403 aemulas

212 1424 534 1470 Demosthenicis,
565 1426 642 1464 sive
680 1426 719 1464 in
757 1427 857 1465 idem
887 1427 1171 1466 consentientes
1200 1436 1480 1479 argumentum,
1508 1426 1587 1464 sive
1615 1427 1651 1464 in

208 1493 355 1534 partem
377 1487 615 1524 contrariam.
685 1487 812 1526 Debet
831 1501 940 1539 porro
958 1489 1005 1527 de
1025 1489 1098 1527 illis
1118 1502 1230 1540 agere
1251 1496 1364 1540 atque
1379 1488 1566 1540 judicare,
1587 1488 1651 1539 qui

203 1546 316 1583 vitam
338 1547 610 1586 Demosthenis
641 1548 756 1587 literis
776 1549 1020 1596 mandarunt,
1041 1550 1089 1588 de
1110 1550 1293 1602 Ulpiano,
1317 1556 1355 1587 et
1374 1549 1446 1587 illis
1467 1549 1651 1588 vetustio-

203 1608 306 1646 ribus
328 1609 364 1645 in
387 1609 499 1647 Dem.
520 1610 909 1656 commentatoribus;
938 1611 987 1649 de
1007 1611 1230 1658 rationibus,
1250 1611 1388 1662 quibus
1407 1610 1566 1648 diversis
1586 1624 1649 1648 ve-

208 1676 303 1707 teres
324 1670 381 1708 usi
402 1678 503 1716 sunt,
525 1671 716 1710 orationes
731 1672 846 1711 Dem.
864 1672 1138 1722 distribuendi3
1167 1673 1215 1710 de
1231 1672 1363 1711 lexicis
1383 1672 1472 1709 item
1493 1672 1650 1710 rhetori-

204 1730 271 1775 cis,
292 1737 330 1768 et
350 1744 436 1782 quae
465 1738 556 1770 sunt
583 1732 657 1770 alia
684 1732 906 1782 hujusmodi
933 1734 1055 1785 plura,
1075 1733 1214 1784 quibus
1243 1732 1418 1771 omnibus
1446 1733 1508 1770 vix
1536 1732 1649 1771 homo

205 1792 365 1830 sufficiat
383 1794 587 1844 pertinacis
617 1801 656 1833 et
683 1794 927 1846 infatigabilis
956 1794 1202 1840 assiduitatis,
1222 1795 1285 1845 qui
1306 1801 1425 1832 totum
1445 1794 1648 1832 literaturae

204 1866 341 1903 graecae
363 1855 545 1892 ambitum
574 1862 816 1906 pervagatus,
838 1868 915 1894 non
944 1856 1137 1902 memoria,
1165 1855 1205 1894 id
1233 1855 1337 1905 quod
1366 1862 1545 1905 negatum
1574 1861 1646 1900 est,

204 1915 272 1952 sed
291 1916 514 1954 adversariis
543 1917 767 1955 conclusum
786 1917 939 1964 habeat,
961 1918 1025 1955 ubi
1044 1917 1246 1968 diligenter
1265 1916 1501 1954 annotaverit
1519 1916 1645 1967 singu—

202 1977 259 2014 los
279 1989 451 2028 quosque
470 1978 575 2016 locos
602 1978 822 2029 veterisque
853 1991 1040 2029 novaeque
1068 1978 1275 2016 literaturae
1304 1977 1648 2028 quomodocunque

203 2037 251 2076 ad
272 2038 571 2078 Demosthenem
591 2040 788 2086 facientes,
797 2040 861 2091 qui
880 2039 1195 2078 bibliothecarum
1210 2039 1328 2085 sinus,
1343 2038 1391 2077 ad
1406 2051 1499 2089 quas
1515 2039 1646 2090 paucis

203 2099 328 2137 aditus
345 2107 462 2150 patet,
484 2101 603 2138 Italiae
622 2100 815 2152 imprimis,
835 2101 901 2139 ubi
920 2101 1040 2139 multa
1067 2100 1220 2152 egregia
1249 2107 1288 2139 et
1319 2113 1449 2151 parum
1478 2101 1646 2151 cognita,

207 2160 407 2211 minusque
428 2161 557 2208 etiam,
573 2175 688 2213 quam
707 2175 776 2212 pro
795 2162 944 2208 merito,
965 2163 1153 2200 aestimata
1166 2162 1292 2213 jacere
1309 2168 1420 2212 atque
1435 2161 1507 2198 situ
1526 2161 1644 2212 perire

202 2233 356 2260 necesse
385 2229 454 2269 est,
475 2223 699 2262 excusserit.
757 2223 877 2261 Nobis
898 2230 1038 2268 autem,
1054 2225 1102 2261 ab
1121 2223 1207 2260 istis
1237 2223 1412 2259 omnibus
1442 2221 1642 2272 praesidiis,

202 2296 269 2320 seu
288 2284 466 2331 fortunae,
495 2299 561 2324 seu
591 2285 792 2332 memoriae,
822 2292 935 2336 atque
964 2284 1173 2331 industriae,
1202 2285 1379 2328 desertis,
1399 2292 1440 2323 ut
1466 2285 1530 2335 qui
1559 2298 1642 2323 sero

203 2344 476 2384 Demosthenis
505 2345 644 2384 edendi
671 2347 869 2384 eonsilium
899 2347 1124 2398 ceperimus,
1152 2359 1262 2398 paene
1290 2345 1473 2397 imparati,
1494 2352 1645 2397 praeter-

202 2407 403 2454 mittenda,
420 2412 488 2446 ‘aut
507 2414 610 2446 certe
634 2408 695 2445 vix
724 2407 855 2447 leviter
882 2408 1173 2460 perstringenda
1201 2414 1291 2446 sunt
1320 2408 1403 2446 haec
1432 2407 1572 2453 omnia,
1604 2415 1644 2445 et

200 2468 377 2517 posteris,
398 2469 429 2507 si
448 2469 510 2520 qui
538 2475 662 2514 erunt,
681 2469 728 2507 de
747 2482 823 2520 quo
852 2469 1132 2522 desperandum
1152 2482 1228 2507 non
1253 2475 1325 2515 est,
1344 2468 1554 2507 editoribus
1585 2481 1642 2506 re-

202 2528 422 2580 linquenda.
478 2530 615 2569 Juveni
637 2531 845 2579 fortunato,
872 2539 987 2570 aetate
1008 2538 1046 2569 et
1065 2530 1238 2570 amicitiis
1259 2529 1419 2576 florenti,
1434 2528 1643 2568 cui‘uatum

203 2591 252 2628 sit
277 2600 430 2630 exteros
456 2591 575 2637 adire,
603 2593 667 2642 qui
697 2593 831 2643 gratia,
851 2593 910 2631 vel
925 2605 1031 2637 auro,
1048 2592 1117 2631 sibi
1137 2593 1313 2630 obserata
1330 2590 1643 2629 bibliothecarum

201 2653 337 2691 scrinia
357 2666 522 2691 reserare
541 2654 676 2705 possit,
697 2654 757 2692 cui
777 2655 874 2692 vires
893 2655 968 2693 sint
987 2653 1158 2705 integrm,
1178 2654 1308 2703 ingens
1322 2659 1361 2690 et
1372 2652 1551 2690 excelsus
1569 2653 1646 2689 ani-

202 2727 300 2760 mus,
313 2715 451 2752 invicta
465 2714 637 2753 laborum
657 2715 852 2766 patientia,
872 2729 976 2753 acres
997 2715 1109 2761 oculi,
1133 2715 1250 2752 multo
1269 2714 1381 2752 etiarn
1402 2714 1526 2751 acrius
1541 2713 1644 2764 judi-

201 2776 315 2822 cium,
335 2782 374 2813 et
387 2776 585 2827 diligentia
604 2777 706 2827 vigil,
728 2777 908 2828 quicquid
931 2777 1045 2827 legat,
1067 2777 1112 2814 ad
1136 2776 1435 2813 Demosthenem
1459 2787 1576 2812 unum
1597 2788 1648 2812 re-

202 2837 361 2881 ferendi,
381 2845 419 2875 et
438 2838 475 2875 in
496 2838 773 2875 commentariis
795 2838 997 2876 condendi.
1056 2838 1135 2875 Nos
1155 2850 1242 2874 vero
1266 2837 1343 2887 jam
1364 2836 1510 2874 scnium
1532 2848 1640 2886 poene

202 2897 363 2948 ingressi
393 2899 576 2950 coepimus
610 2912 694 2937 cum
730 2899 990 2937 Demosthene
1019 2898 1222 2948 hospitium
1252 2898 1501 2940 contraham
1547 2896 1647 2934 unde
