1824 3171
219 152 328 189 ccxvi
651 157 859 196 REISKII
887 158 1179 198 PRAEFATIO

727 352 892 395 SECT.
927 353 1155 396 XXXII.

663 466 822 504 Nomina
844 474 1200 516 proemtmeratorum.

267 573 557 612 PnovmcmM
587 575 624 612 in
663 574 813 613 edendo
844 576 1111 615 Demosthene
1144 578 1234 616 mihi
1257 580 1371 617 sumsi
1403 588 1516 632 atque
1537 577 1666 632 delegi

215 634 316 671 ultro
333 648 516 685 perquam
533 636 690 674 arduam
711 643 751 674 et
767 636 914 682 duram,
930 650 1015 675 cum
1032 639 1114 676 aliis
1129 640 1257 677 rnultis
1273 641 1321 678 de
1340 643 1478 686 causis,
1497 655 1589 693 quas
1605 655 1665 680 re-

215 701 347 746 petere
367 695 417 732 nil
430 698 642 746 juvat,jam
657 710 770 748 supra
788 698 994 749 plerasque
1016 708 1350 747 commemorataS,
1365 709 1445 739 tum
1460 702 1533 740 hac
1550 702 1666 739 maxi-

214 769 288 802 me,
305 758 407 807 quod
427 758 532 795 fatali
553 759 717 809 quadam
737 760 970 798 necessitate
990 761 1081 798 mihi
1101 762 1285 807 evenerit,
1310 771 1351 801 ut
1371 770 1465 801 aetas
1483 763 1665 814 degenda

212 826 314 856 esset
332 819 374 857 iis
403 819 442 856 in
460 821 583 866 terris,
605 834 748 871 eosque
776 820 874 859 inter
894 821 1079 866 homines,
1102 837 1196 873 quos
1218 836 1350 874 parum
1374 837 1498 874 graeca
1527 835 1664 861 curare

211 893 373 918 necesse
399 888 457 918 est
477 894 523 918 ex
546 894 592 919 eo
612 882 798 928 arbitrari,
826 882 931 933 quod
960 882 1101 920 librarii
1130 891 1318 922 nostrates
1347 885 1396 923 ad
1417 884 1664 922 excudendos

209 940 328 977 libros
353 954 502 990 graecos
531 941 643 979 nullis
661 942 853 993 precibus,
882 942 992 979 nullis
1022 943 1301 982 conditionibus
1330 945 1472 983 adduci
1502 944 1663 996 possint.

211 1001 304 1039 Non
330 1001 506 1052 equidem
534 1002 740 1057 infitiabor,
759 1004 905 1055 aliquot
934 1004 982 1042 ab
1004 1004 1090 1042 hinc
1111 1006 1218 1043 annis
1240 1006 1399 1057 coepisse
1419 1007 1490 1044 hac
1510 1006 1548 1043 in
1567 1007 1665 1044 urbe

209 1063 325 1100 libros
346 1064 550 1102 nonnullos
570 1078 718 1115 graecos
748 1064 822 1111 edi,
847 1065 916 1103 sed
936 1078 1058 1116 neque
1086 1066 1193 1103 multi
1221 1075 1307 1104 sunt
1327 1068 1392 1114 illi,
1413 1075 1452 1105 ct
1479 1080 1612 1105 verum
1631 1067 1662 1104 si

209 1124 328 1161 velint
342 1137 472 1162 eorum
493 1125 661 1164 editores
680 1126 805 1172 fateri,
827 1127 955 1165 nescio
976 1140 1024 1165 an
1053 1141 1100 1165 ne
1132 1128 1200 1179 ipsi
1220 1129 1373 1179 quidem
1390 1128 1663 1167 dissimulaturi

210 1185 298 1231 sint,
320 1199 386 1223 eos
406 1199 481 1224 aere
500 1186 749 1238 periculoque
777 1200 845 1224 suo
875 1200 1040 1226 excusos
1070 1201 1167 1226 esse.
1225 1189 1312 1240 Ego
1342 1190 1533 1240 equidem,
1559 1202 1661 1239 quae-

210 1259 362 1298 cunque
390 1247 550 1285 aliorum
578 1256 637 1286 est
666 1261 733 1287 seu
763 1261 856 1295 sors,
883 1262 949 1287 seu
970 1249 1148 1294 felicium,
1178 1250 1516 1301 inexpugnabilem
1544 1250 1661 1289 habui

208 1321 319 1358 paene
337 1316 420 1346 tota
437 1322 524 1347 mea
541 1310 618 1347 vita
637 1309 876 1347 librariorum
896 1310 1146 1361 pertinaciam
1172 1319 1210 1350 et
1232 1312 1422 1358 duritiem,
1440 1320 1479 1350 et
1495 1311 1661 1350 aversio-

209 1383 296 1407 nem
317 1383 339 1409 a
359 1384 419 1408 me
439 1371 612 1422 meisque
642 1372 843 1410 conatibus
863 1372 1053 1418 literariis,
1074 1380 1116 1411 ut
1135 1386 1295 1412 necesse
1315 1374 1530 1420 habuerim,
1555 1386 1661 1424 quae-

207 1445 360 1482 cunque
380 1432 495 1477 edidi,
517 1446 601 1483 quae
621 1446 744 1484 pauca
768 1440 868 1479 sunt,
896 1441 939 1470 ut
958 1434 995 1470 in
1016 1446 1055 1471 re
1074 1434 1248 1472 familiari
1280 1447 1463 1485 perquam
1495 1434 1659 1479 modica,

208 1506 255 1531 ea
273 1506 361 1531 meo
380 1507 456 1530 aere
477 1501 515 1531 et
535 1494 703 1544 periculo
724 1494 958 1532 excudenda
978 1494 1082 1533 dare.
1140 1495 1269 1541 Unde,
1286 1496 1325 1533 id
1341 1496 1446 1546 quod
1467 1495 1581 1534 facile
1601 1502 1661 1533 est

207 1554 436 1600 existimatu,
466 1568 646 1605 magnam
678 1555 733 1594 rei
754 1556 978 1594 domesticae
992 1560 1182 1605 jacturam
1203 1557 1336 1602 retuli;
1366 1570 1480 1608 quam
1505 1556 1590 1601 tuli,
1620 1562 1662 1594 ut

205 1617 328 1669 potui,
342 1617 431 1655 satis
450 1630 560 1667 aequo
581 1617 722 1657 animo.
781 1618 1086 1656 Demosthenem
1107 1625 1249 1664 autem,
1265 1627 1304 1656 et
1321 1632 1409 1656 eum
1429 1618 1583 1668 quidem
1603 1622 1662 1655 tot

206 1678 431 1716 necessariis
460 1679 688 1717 ornamentis
717 1687 833 1730 atque
860 1679 1117 1718 instrumentis
1136 1687 1306 1725 auctum,
1328 1680 1410 1731 pari
1431 1679 1547 1717 modo
1562 1679 1662 1717 insa-

206 1754 297 1778 num
316 1740 463 1786 fuisset,
483 1740 513 1777 si
534 1747 694 1778 conatus
716 1753 839 1778 essem
863 1741 990 1780 edere.
1050 1743 1179 1784 Quare
1199 1741 1376 1792 proposui
1395 1740 1550 1779 biennio
1570 1747 1658 1778 ante

207 1802 466 1840 conditionem
496 1801 671 1840 studiosis
709 1815 922 1852 graecarum
951 1803 1156 1849 literarum,
1178 1810 1220 1840 ut
1241 1810 1388 1840 sumtus
1417 1802 1658 1840 necessarios

202 1863 411 1902 facientem
424 1875 484 1901 me
499 1863 664 1914 pecunia
684 1863 877 1902 collaticia
896 1864 1136 1913 adjuvarent.
1196 1863 1272 1902 Sed
1293 1864 1427 1902 surdas
1445 1876 1555 1914 paene
1573 1864 1657 1901 ubi-

205 1939 280 1976 que
299 1925 416 1963 habui
436 1937 559 1971 aures,
577 1932 782 1976 portasque
812 1926 973 1971 clausas,
1009 1925 1087 1963 sive
1117 1926 1310 1963 communi
1340 1925 1509 1976 quodam
1536 1925 1659 1962 homi-

204 1999 307 2031 num,
324 1986 386 2036 qui
408 1999 512 2023 nunc
531 1993 630 2032 sunt,
651 1999 744 2036 erga
771 1986 900 2024 literas
930 1999 1076 2036 graecas
1105 1986 1262 2037 frigore,
1291 1987 1368 2024 sive
1398 1985 1554 2024 infamia
1580 1999 1657 2023 coe-

204 2048 272 2100 pti,
296 2047 400 2098 quod
419 2046 494 2092 alii,
516 2047 546 2084 si
563 2047 626 2098 qui
647 2048 834 2096 eJusmodi
862 2047 1163 2098 subscriptiones
1190 2048 1490 2099 proposuissent,
1521 2047 1660 2085 credu-

204 2111 329 2148 lorum
361 2121 563 2147 crumenas
595 2122 682 2147 cum
715 2109 993 2154 emunxissent,
1027 2109 1152 2147 verbis
1187 2109 1262 2147 suis
1293 2108 1371 2147 fide
1392 2122 1468 2147 non
1487 2108 1659 2159 praestita

204 2184 285 2209 rem
305 2171 342 2207 in
361 2183 402 2208 se
422 2171 561 2208 bonam
581 2171 618 2207 in
638 2170 892 2221 suspicionem
922 2178 1039 2221 atque
1072 2171 1250 2208 invidiam
1281 2170 1548 2215 adduxissent3
1579 2170 1658 2208 sive

204 2233 372 2282 denique
401 2245 494 2282 erga
520 2245 582 2269 me
611 2232 740 2270 nescio
760 2245 836 2282 qua
861 2232 1057 2269 hominum
1084 2232 1364 2278 malevolentia,
1386 2239 1426 2270 et
1445 2231 1656 2282 suspicaci-

202 2300 281 2331 tate
301 2300 417 2343 atque
446 2292 653 2330 animorum
685 2306 708 2330 a
727 2306 788 2331 me
808 2292 1103 2331 abalienatione.
1163 2293 1307 2331 Adhuc
1337 2293 1505 2344 quidem,
1534 2292 1656 2343 magis

202 2355 328 2399 etiam,
349 2367 462 2405 quam
492 2362 823 2406 exspectaveram,
845 2354 884 2391 in
915 2355 991 2391 hoc
1025 2360 1144 2399 tanto,
1167 2362 1245 2392 tam
1276 2354 1446 2401 salutari,
1478 2361 1555 2392 tam
1587 2367 1655 2392 ne-

203 2416 382 2460 cessario,
403 2423 481 2453 tam
510 2429 613 2467 saepe
634 2416 808 2466 flagitato
829 2422 866 2454 et
885 2415 982 2453 votis
1003 2415 1170 2453 omnium
1190 2417 1362 2467 expetito
1381 2415 1575 2453 molimine
1591 2415 1656 2453 de-

202 2484 326 2514 sertus
341 2489 450 2527 paene
470 2477 517 2514 ab
539 2477 726 2522 omnibus,
748 2477 862 2516 etiam
881 2478 928 2515 ab
950 2476 1198 2523 amicissimis,
1219 2478 1286 2523 fui,
1309 2490 1536 2529 quamquam
1553 2477 1654 2514 bene

202 2539 250 2576 de
268 2551 314 2575 eo
333 2537 473 2575 saeeulo
493 2551 686 2589 uunquam
706 2538 868 2590 speravi,
886 2538 988 2589 quod
1011 2552 1078 2575 usu
1100 2539 1200 2583 novi,
1217 2539 1353 2583 ventri,
1376 2551 1520 2589 ganeae,
1536 2536 1652 2580 luxui,

198 2598 431 2644 libidinibus,
452 2599 650 2649 cupiditati
687 2607 726 2637 et
759 2600 927 2637 avaritiae
954 2599 1139 2645 deditum,
1168 2600 1205 2637 in
1233 2613 1363 2651 equos,
1395 2600 1433 2636 in
1455 2611 1583 2643 canes,
1614 2598 1652 2635 in

201 2667 339 2704 scorta,
360 2659 397 2695 in
416 2659 552 2704 aleam,
573 2659 610 2696 in
633 2661 835 2706 cantrices,
858 2661 893 2697 in
915 2660 1102 2705 scenicos,
1124 2661 1162 2697 in
1182 2674 1316 2711 nugas,
1343 2661 1380 2697 in
1400 2673 1460 2697 res
1480 2672 1652 2710 quasque

201 2731 342 2772 turpes,
364 2728 403 2757 et
423 2720 586 2770 corpori,
613 2721 803 2771 famaeque
833 2729 871 2758 et
902 2721 955 2758 rei
978 2721 1142 2770 denique
1162 2721 1335 2759 familiari
1357 2720 1651 2758 detrimentosas

199 2783 341 2820 furiose
360 2794 447 2818 suas
467 2794 559 2831 opes
578 2782 793 2831 prodigere,
815 2783 849 2819 in
872 2795 932 2819 res
949 2789 1077 2818 autem
1098 2782 1242 2820 divinas
1273 2784 1531 2831 humanasque
1553 2794 1650 2832 prae-

202 2845 322 2881 claras
341 2843 575 2893 publiceque
596 2843 791 2888 salutares,
814 2843 946 2894 patriae
967 2843 1164 2893 gloriosas,
1187 2852 1225 2881 et
1253 2844 1301 2881 ad
1327 2856 1478 2881 omnem
1504 2855 1649 2879 memo-

202 2906 294 2943 riam
316 2903 538 2955 splendidas
563 2903 709 2942 suturas
731 2904 789 2943 vel
820 2903 975 2941 obolum
1003 2916 1160 2954 erogare
1186 2904 1446 2950 reformidare,
1469 2911 1650 2954 tanquam
