1824 3171
637 162 671 198 Ι.
703 161 957 199 TAYLORI
990 160 1183 198 DEDIC.
1544 162 1636 201 lxxv

175 279 281 306 mum
295 266 481 316 judicant,
502 275 572 314 pro
590 262 748 314 ingenio
763 270 832 302 tuo
846 261 1041 314 singulari,
1056 261 1411 313 praestantissimum
1428 271 1636 311 oratorem,

175 329 336 368 artificio
359 327 527 377 quodam
548 332 588 364 et
607 325 844 377 expolitione
865 324 1102 371 distinctum,
1124 323 1302 373 notisque
1323 323 1533 373 insignibus
1553 326 1638 364 illu-

175 399 335 431 stratum
353 389 391 426 in
405 390 532 427 lucem
553 389 602 426 de
616 388 767 438 integro
784 402 887 427 nunc
902 388 1086 439 proferas,
1103 386 1350 437 pristinaeque
1365 385 1539 435 dignitati
1556 400 1637 426 suae

174 452 370 490 restituas:
393 464 468 502 qua
487 463 529 489 re
551 464 627 488 non
644 450 859 501 posteritati
878 457 1028 488 tantum
1048 448 1252 500 plurimum
1273 446 1548 494 commodabis,
1568 449 1639 487 sed

173 521 362 551 aeternum
397 513 512 551 etiam
542 513 703 559 virtutis,
739 512 939 558 doctrinae,
966 511 1178 557 industriae,
1199 510 1453 560 laborumque
1484 517 1638 548 tuorum

171 575 411 626 praeconium
430 575 604 627 colliges,
624 588 890 627 summamque
911 574 1074 626 gloriam
1095 586 1140 611 ac
1158 572 1313 610 laudem
1340 570 1409 608 tibi
1437 584 1638 623 compara-

170 636 241 676 bis.
297 637 408 676 Vale.
1008 636 1154 674 S1MoN
1175 634 1423 672 FABmcms

1022 696 1388 748 Marcopibertanus
1412 695 1599 735 Francus.

227 785 316 836 Ego
335 798 428 823 vero
452 785 637 836 singulari
661 785 862 836 diligentia
888 792 927 823 et
949 783 1097 833 judicio
1115 783 1185 821 viri
1210 782 1370 834 egregie
1400 781 1505 820 docti
1532 780 1639 820 dele-

173 853 313 893 ctatus,
343 847 528 899 pleraque
556 847 603 885 ab
634 860 681 885 eo
709 853 844 884 notata
863 846 1037 897 subjeci:
1072 845 1244 897 quamvis
1274 843 1637 889 animadverterem,

174 910 449 960 Augustanum
471 908 650 947 codicem
670 909 816 947 habere
829 922 908 946 non
927 920 1052 959 pauca
1068 915 1106 946 et
1126 920 1214 945 cum
1233 906 1328 944 meis
1345 905 1577 955 conjecturis
1600 912 1641 943 et

173 986 263 1011 cum
294 972 445 1011 caeteris
464 972 711 1023 ἐκδεδομένοις
737 987 775 1009 τε
805 973 864 1008 καὶ
892 970 1101 1012 (ἰνεκδότοις
1133 968 1427 1007 consentientia.
1484 968 1532 1004 In
1561 967 1639 1006 hoc

172 1035 275 1073 enim
295 1048 440 1086 genere
461 1040 593 1072 contra
606 1039 848 1084 praeceptum
869 1031 1051 1070 Isocratis
1072 1031 1302 1077 πλεονάζειν,
1323 1032 1426 1067 α’λλὰ
1442 1032 1493 1080 μή
1515 1030 1639 1066 ἐλλεί-

171 1113 255 1135 πειν
281 1097 446 1148 εἱλόμην.
503 1095 620 1138 Quod
637 1094 782 1132 factum
814 1101 990 1132 nostrum
1013 1094 1052 1130 in
1081 1093 1265 1144 optimam
1285 1099 1434 1143 partem
1456 1077 1640 1131 candidos'

170 1158 336 1196 lectores
356 1157 547 1209 accipere,
568 1163 607 1194 et
634 1155 811 1193 aerumnis
831 1155 972 1194 nostris
1001 1168 1072 1193 suo
1093 1154 1296 1193 commodo
1315 1154 1390 1190 frui
1408 1153 1535 1191 velim.
1594 1154 1640 1191 In

171 1233 220 1258 eo
236 1227 378 1264 autem,
400 1219 505 1270 quod
525 1218 628 1256 idem
649 1217 847 1256 FabriCius
869 1224 1019 1266 censet,
1042 1224 1166 1255 totum
1188 1215 1386 1266 exemplar
1406 1228 1490 1253 esse
1512 1215 1561 1252 de
1580 1215 1639 1252 in-

169 1289 284 1333 tegro
311 1281 625 1327 describendum,
645 1280 703 1318 his
723 1279 771 1318 de
793 1279 917 1318 causis
947 1280 995 1317 ab
1017 1278 1083 1316 illo
1104 1277 1304 1323 dissentio,
1325 1277 1430 1328 quod
1458 1284 1498 1314 et
1517 1276 1581 1328 qui
1599 1276 1639 1315 id

168 1345 274 1383 bona
292 1345 370 1382 fide
400 1341 581 1395 praestare
610 1343 748 1394 possit,
770 1356 817 1380 eo
844 1343 926 1393 ipso
957 1352 1140 1393 excepto,
1166 1340 1230 1378 hic
1257 1340 1338 1378 scio
1366 1339 1572 1385 neminem,
1601 1345 1641 1378 et

168 1407 334 1446 eandem
353 1406 561 1444 lectionem
581 1419 629 1443 ex
648 1419 761 1456 aequo
780 1404 978 1456 probaturi
998 1417 1131 1442 omnes
1151 1417 1230 1441 non
1250 1410 1403 1441 essent:
1435 1409 1475 1440 et
1496 1415 1542 1440 ex
1562 1401 1638 1440 hac

167 1469 355 1507 varietate
375 1468 612 1506 diversarum
640 1467 864 1514 lectionum,
886 1480 933 1505 ea
959 1466 1082 1519 quivis
1110 1467 1228 1504 homo
1250 1465 1389 1504 doctus
1410 1464 1524 1502 facile
1545 1463 1640 1502 deli-

169 1538 251 1583 get,
272 1544 357 1582 quae
377 1530 545 1568 maxime
565 1530 728 1581 probet:
761 1536 802 1568 et
820 1532 842 1575 ἡ
863 1533 1088 1582 τετριμμένη
1108 1528 1205 1576 ὁδὸς,
1226 1531 1322 1567 κατά
1343 1529 1411 1576 τήν
1427 1530 1547 1566 πάλαι
1563 1541 1636 1564 πα-

170 1599 337 1648 ροιμίαν,
353 1595 453 1633 ἐστὶν
468 1593 754 1647 α’σφαλεστοίτη.
811 1591 924 1632 Vale.

695 1705 1115 1762 I.TAYLORI

395 1808 467 1843 AD
491 1806 639 1843 SUUM
664 1803 1079 1841 DEMOSTHENEM
1105 1800 1410 1836 DEDICATIO.

488 1947 723 1986 Nobilissimo
751 1944 1076 1993 Illustrissz'moque
1097 1943 1196 1981 Dno.
1218 1941 1318 1979 Dno.

759 2021 1034 2072 IOANNI

174 2121 306 2162 Comz'ti
333 2120 622 2162 GRANVILL'E,
660 2115 899 2154 Vice-Comitz‘
928 2115 1189 2156 CARTERET,
1220 2109 1360 2147 Baroni
1389 2108 1634 2147 CARTERET

238 2185 303 2233 >(Ie
333 2183 546 2226 HAWNEs,
578 2179 713 2217 Insuloe
741 2178 1026 2217 JERSEIENSIS
1062 2175 1200 2212 Ballivo
1232 2172 1360 2222 Regio,
1389 2170 1547 2208 Domino

360 2245 401 2282 (le
432 2243 526 2281 Sro.
549 2241 692 2286 OUEN,
715 2240 986 2290 Augustissz'mo
1014 2236 1294 2276 Britanniarum
1314 2233 1412 2284 Regi
1432 2246 1456 2270 a

671 2302 924 2340 Sanctiorz‘bus
946 2299 1128 2345 Consiliis,

864 2370 933 2402 etc.

224 2442 405 2481 OFFERo
427 2437 530 2483 Tibi,
551 2435 619 2474 Vir
634 2436 751 2487 longe
772 2434 1047 2479 Illustrissime,
1082 2431 1327 2482 scriptorem,
1360 2427 1439 2479 cui,
1464 2425 1630 2465 incredi-

168 2505 236 2544 bili
270 2502 441 2542 omnium
473 2506 634 2538 aetatum
666 2511 870 2544 consensu,
905 2496 1076 2534 maxima
1109 2494 1165 2532 vis
1204 2490 1358 2530 dicendi
1395 2488 1633 2535 conceditur,

171 2565 452 2605 Atheniensem
473 2562 852 2600 DEMOSTHENEM:
884 2559 1038 2597 Metam
1058 2556 1162 2595 illam
1183 2553 1418 2606 eloquentiae
1438 2553 1630 2596 humanae,

169 2629 209 2667 in
226 2641 302 2679 quo
322 2640 377 2664 sc.
396 2631 545 2671 natura,
565 2623 658 2675 quid
677 2629 757 2661 erat
774 2622 814 2659 in
834 2622 898 2660 illo
929 2633 1071 2671 genere
1096 2618 1221 2657 laudis
1248 2629 1451 2660 summum,
1474 2620 1635 2665 experta

170 2704 257 2729 esse
275 2689 439 2733 videtur,
463 2694 501 2725 et
530 2692 821 2723 monumentum
849 2682 1015 2736 posteris
1035 2680 1251 2724 tradidisse,
1273 2685 1459 2729 quantum
1486 2674 1632 2726 optima

171 2751 287 2790 animi
312 2750 460 2788 indoles
487 2755 599 2786 acute
629 2755 669 2786 et
696 2746 860 2785 feliciter
891 2743 1136 2789 inveniendo,
1163 2746 1348 2792 quantum
1381 2735 1634 2776 mellitissima

169 2815 304 2865 lingua
318 2820 450 2851 ornate
466 2819 505 2850 et
521 2811 721 2861 eleganter
736 2809 915 2854 dicendo,
927 2814 1112 2859 quantum
1125 2803 1291 2855 denique
1308 2804 1365 2853 (ut
1380 2800 1484 2837 fama
1498 2798 1633 2841 fertur,

172 2888 260 2914 nam
279 2875 319 2912 id
337 2874 453 2912 hodie
473 2887 550 2911 non
565 2872 767 2919 sentimus)
781 2870 949 2909 studium
968 2876 1008 2908 et
1026 2868 1101 2907 oris
1118 2863 1356 2905 confirmatio
1375 2869 1464 2913 apte
1486 2866 1524 2898 et
1545 2871 1630 2896 eru-

173 2937 254 2978 dite
272 2935 570 2989 pronunciando,
592 2933 773 2985 consequi
794 2932 991 2984 potuisset.
