<?xml version="1.0" encoding="UTF-8"?>
<!DOCTYPE html PUBLIC "-//W3C//DTD XHTML 1.0 Transitional//EN"
    "http://www.w3.org/TR/xhtml1/DTD/xhtml1-transitional.dtd">
<html xmlns="http://www.w3.org/1999/xhtml" xml:lang="en" lang="en">
 <head>
  <title>
</title>
<meta http-equiv="Content-Type" content="text/html;charset=utf-8" />
  <meta name='ocr-system' content='tesseract 3.04.00' />
  <meta name='ocr-capabilities' content='ocr_page ocr_carea ocr_par ocr_line ocrx_word'/>
</head>
<body>
  <div class='ocr_page' id='page_1' title='image "./oratoresatticie05dobs_0155.png"; bbox 0 0 1824 3171; ppageno 0'>
   <div class='ocr_carea' id='block_1_1' title="bbox 563 223 1561 263">
    <p class='ocr_par' dir='ltr' id='par_1_1' title="bbox 563 223 1561 263">
     <span class='ocr_line' id='line_1_1' title="bbox 563 223 1561 263; baseline -0.002 0"><span class='ocrx_word' id='word_1_1' title='bbox 563 226 633 263; x_wconf 85' lang='lat' dir='ltr'>AD</span> <span class='ocrx_word' id='word_1_2' title='bbox 668 223 1110 262; x_wconf 84' lang='lat' dir='ltr'>DEMOSTHENEM.</span> <span class='ocrx_word' id='word_1_3' title='bbox 1452 224 1561 262; x_wconf 69' lang='lat' dir='ltr'>cxlvii</span> 
     </span>
    </p>
   </div>
   <div class='ocr_carea' id='block_1_2' title="bbox 123 323 1570 994">
    <p class='ocr_par' dir='ltr' id='par_1_2' title="bbox 123 323 1570 994">
     <span class='ocr_line' id='line_1_2' title="bbox 126 323 1563 381; baseline -0.005 -12"><span class='ocrx_word' id='word_1_4' title='bbox 126 338 293 381; x_wconf 79' lang='lat' dir='ltr'>tempore</span> <span class='ocrx_word' id='word_1_5' title='bbox 310 336 395 380; x_wconf 83' lang='lat' dir='ltr'>post</span> <span class='ocrx_word' id='word_1_6' title='bbox 416 334 525 365; x_wconf 89' lang='lat' dir='ltr'>natus</span> <span class='ocrx_word' id='word_1_7' title='bbox 547 335 605 365; x_wconf 88' lang='lat' dir='ltr'>cst</span> <span class='ocrx_word' id='word_1_8' title='bbox 625 328 705 379; x_wconf 86' lang='lat' dir='ltr'>ejus</span> <span class='ocrx_word' id='word_1_9' title='bbox 725 326 865 365; x_wconf 84' lang='lat' dir='ltr'>edendi</span> <span class='ocrx_word' id='word_1_10' title='bbox 881 332 1055 370; x_wconf 85' lang='lat' dir='ltr'>conatus,</span> <span class='ocrx_word' id='word_1_11' title='bbox 1076 324 1139 373; x_wconf 85' lang='lat' dir='ltr'>qui</span> <span class='ocrx_word' id='word_1_12' title='bbox 1157 323 1187 360; x_wconf 86' lang='lat' dir='ltr'>si</span> <span class='ocrx_word' id='word_1_13' title='bbox 1209 335 1282 360; x_wconf 90' lang='lat' dir='ltr'>non</span> <span class='ocrx_word' id='word_1_14' title='bbox 1302 324 1454 361; x_wconf 86' lang='lat' dir='ltr'>omnino</span> <span class='ocrx_word' id='word_1_15' title='bbox 1474 326 1563 362; x_wconf 88' lang='lat' dir='ltr'>nihil</span> 
     </span>
     <span class='ocr_line' id='line_1_3' title="bbox 126 384 1567 442; baseline -0.003 -13"><span class='ocrx_word' id='word_1_16' title='bbox 126 391 325 442; x_wconf 77' lang='lat' dir='ltr'>expedisse</span> <span class='ocrx_word' id='word_1_17' title='bbox 347 389 545 434; x_wconf 88' lang='lat' dir='ltr'>videbitur,</span> <span class='ocrx_word' id='word_1_18' title='bbox 562 396 602 426; x_wconf 92' lang='lat' dir='ltr'>ut</span> <span class='ocrx_word' id='word_1_19' title='bbox 620 389 668 426; x_wconf 87' lang='lat' dir='ltr'>de</span> <span class='ocrx_word' id='word_1_20' title='bbox 687 402 725 426; x_wconf 86' lang='lat' dir='ltr'>re</span> <span class='ocrx_word' id='word_1_21' title='bbox 738 388 793 425; x_wconf 85' lang='lat' dir='ltr'>sic</span> <span class='ocrx_word' id='word_1_22' title='bbox 809 388 902 426; x_wconf 87' lang='lat' dir='ltr'>satis</span> <span class='ocrx_word' id='word_1_23' title='bbox 917 385 1131 431; x_wconf 87' lang='lat' dir='ltr'>commode,</span> <span class='ocrx_word' id='word_1_24' title='bbox 1144 384 1241 422; x_wconf 87' lang='lat' dir='ltr'>inter</span> <span class='ocrx_word' id='word_1_25' title='bbox 1255 391 1312 421; x_wconf 83' lang='lat' dir='ltr'>tot</span> <span class='ocrx_word' id='word_1_26' title='bbox 1324 384 1567 424; x_wconf 82' lang='lat' dir='ltr'>incommoda</span> 
     </span>
     <span class='ocr_line' id='line_1_4' title="bbox 126 446 1567 500; baseline -0.004 -11"><span class='ocrx_word' id='word_1_27' title='bbox 126 450 421 497; x_wconf 80' lang='lat' dir='ltr'>circumstantia,</span> <span class='ocrx_word' id='word_1_28' title='bbox 442 457 550 500; x_wconf 85' lang='lat' dir='ltr'>gesta</span> <span class='ocrx_word' id='word_1_29' title='bbox 568 450 790 487; x_wconf 79' lang='lat' dir='ltr'>lactabimur.</span> <span class='ocrx_word' id='word_1_30' title='bbox 848 448 903 487; x_wconf 88' lang='lat' dir='ltr'>Ut</span> <span class='ocrx_word' id='word_1_31' title='bbox 923 447 1045 485; x_wconf 89' lang='lat' dir='ltr'>brevis</span> <span class='ocrx_word' id='word_1_32' title='bbox 1067 446 1150 491; x_wconf 88' lang='lat' dir='ltr'>sim,</span> <span class='ocrx_word' id='word_1_33' title='bbox 1170 458 1280 495; x_wconf 84' lang='lat' dir='ltr'>agam</span> <span class='ocrx_word' id='word_1_34' title='bbox 1297 446 1398 495; x_wconf 90' lang='lat' dir='ltr'>quod</span> <span class='ocrx_word' id='word_1_35' title='bbox 1421 452 1567 495; x_wconf 88' lang='lat' dir='ltr'>potero,</span> 
     </span>
     <span class='ocr_line' id='line_1_5' title="bbox 125 506 1570 562; baseline -0.005 -12"><span class='ocrx_word' id='word_1_36' title='bbox 125 527 213 550; x_wconf 85' lang='lat' dir='ltr'>cuin</span> <span class='ocrx_word' id='word_1_37' title='bbox 243 524 365 562; x_wconf 89' lang='lat' dir='ltr'>neque</span> <span class='ocrx_word' id='word_1_38' title='bbox 395 511 497 562; x_wconf 90' lang='lat' dir='ltr'>quod</span> <span class='ocrx_word' id='word_1_39' title='bbox 524 511 638 548; x_wconf 89' lang='lat' dir='ltr'>velim</span> <span class='ocrx_word' id='word_1_40' title='bbox 668 517 708 548; x_wconf 90' lang='lat' dir='ltr'>et</span> <span class='ocrx_word' id='word_1_41' title='bbox 736 517 919 554; x_wconf 87' lang='lat' dir='ltr'>assecte1·‚</span> <span class='ocrx_word' id='word_1_42' title='bbox 947 521 1070 558; x_wconf 87' lang='lat' dir='ltr'>neque</span> <span class='ocrx_word' id='word_1_43' title='bbox 1100 506 1206 558; x_wconf 86' lang='lat' dir='ltr'>quod</span> <span class='ocrx_word' id='word_1_44' title='bbox 1233 507 1503 544; x_wconf 81' lang='lat' dir='ltr'>assectandum</span> <span class='ocrx_word' id='word_1_45' title='bbox 1532 514 1570 544; x_wconf 87' lang='lat' dir='ltr'>et</span> 
     </span>
     <span class='ocr_line' id='line_1_6' title="bbox 124 567 1568 623; baseline -0.004 -13"><span class='ocrx_word' id='word_1_46' title='bbox 124 573 382 623; x_wconf 84' lang='lat' dir='ltr'>praestandum</span> <span class='ocrx_word' id='word_1_47' title='bbox 402 572 526 618; x_wconf 91' lang='lat' dir='ltr'>video,</span> <span class='ocrx_word' id='word_1_48' title='bbox 545 584 772 623; x_wconf 85' lang='lat' dir='ltr'>consequar.</span> <span class='ocrx_word' id='word_1_49' title='bbox 819 570 948 608; x_wconf 79' lang='lat' dir='ltr'>Missis</span> <span class='ocrx_word' id='word_1_50' title='bbox 969 569 1083 621; x_wconf 85' lang='lat' dir='ltr'>igitur</span> <span class='ocrx_word' id='word_1_51' title='bbox 1103 567 1185 606; x_wconf 84' lang='lat' dir='ltr'>aliis</span> <span class='ocrx_word' id='word_1_52' title='bbox 1206 567 1381 605; x_wconf 86' lang='lat' dir='ltr'>omnibus</span> <span class='ocrx_word' id='word_1_53' title='bbox 1397 567 1434 605; x_wconf 89' lang='lat' dir='ltr'>id</span> <span class='ocrx_word' id='word_1_54' title='bbox 1451 580 1568 605; x_wconf 87' lang='lat' dir='ltr'>unum</span> 
     </span>
     <span class='ocr_line' id='line_1_7' title="bbox 124 628 1570 684; baseline -0.003 -14"><span class='ocrx_word' id='word_1_55' title='bbox 124 634 195 670; x_wconf 86' lang='lat' dir='ltr'>hac</span> <span class='ocrx_word' id='word_1_56' title='bbox 222 645 332 683; x_wconf 87' lang='lat' dir='ltr'>agam</span> <span class='ocrx_word' id='word_1_57' title='bbox 366 632 603 684; x_wconf 77' lang='lat' dir='ltr'>praefatione,</span> <span class='ocrx_word' id='word_1_58' title='bbox 629 640 673 671; x_wconf 90' lang='lat' dir='ltr'>ut</span> <span class='ocrx_word' id='word_1_59' title='bbox 697 633 821 671; x_wconf 88' lang='lat' dir='ltr'>fontes</span> <span class='ocrx_word' id='word_1_60' title='bbox 848 629 1075 670; x_wconf 85' lang='lat' dir='ltr'>emendandi</span> <span class='ocrx_word' id='word_1_61' title='bbox 1102 628 1384 674; x_wconf 75' lang='lat' dir='ltr'><strong>Demosthenis,</strong></span> <span class='ocrx_word' id='word_1_62' title='bbox 1409 635 1447 666; x_wconf 89' lang='lat' dir='ltr'>et</span> <span class='ocrx_word' id='word_1_63' title='bbox 1475 641 1570 678; x_wconf 92' lang='lat' dir='ltr'>quo-</span> 
     </span>
     <span class='ocr_line' id='line_1_8' title="bbox 123 692 1567 744; baseline 0.001 -14"><span class='ocrx_word' id='word_1_64' title='bbox 123 695 235 732; x_wconf 87' lang='lat' dir='ltr'>modo</span> <span class='ocrx_word' id='word_1_65' title='bbox 264 695 308 733; x_wconf 91' lang='lat' dir='ltr'>iis</span> <span class='ocrx_word' id='word_1_66' title='bbox 338 695 408 733; x_wconf 89' lang='lat' dir='ltr'>sim</span> <span class='ocrx_word' id='word_1_67' title='bbox 436 708 547 742; x_wconf 87' lang='lat' dir='ltr'>usus,</span> <span class='ocrx_word' id='word_1_68' title='bbox 568 695 840 734; x_wconf 83' lang='lat' dir='ltr'>demonstrem.</span> <span class='ocrx_word' id='word_1_69' title='bbox 898 695 1066 733; x_wconf 89' lang='lat' dir='ltr'>Primum</span> <span class='ocrx_word' id='word_1_70' title='bbox 1086 693 1214 744; x_wconf 87' lang='lat' dir='ltr'>itaque</span> <span class='ocrx_word' id='word_1_71' title='bbox 1233 692 1280 730; x_wconf 90' lang='lat' dir='ltr'>de</span> <span class='ocrx_word' id='word_1_72' title='bbox 1300 692 1404 731; x_wconf 85' lang='lat' dir='ltr'>libris</span> <span class='ocrx_word' id='word_1_73' title='bbox 1425 693 1567 731; x_wconf 90' lang='lat' dir='ltr'>Demo-</span> 
     </span>
     <span class='ocr_line' id='line_1_9' title="bbox 125 755 1569 808; baseline -0.001 -14"><span class='ocrx_word' id='word_1_74' title='bbox 125 756 306 794; x_wconf 87' lang='lat' dir='ltr'>sthenicis</span> <span class='ocrx_word' id='word_1_75' title='bbox 326 764 502 808; x_wconf 89' lang='lat' dir='ltr'>typorum</span> <span class='ocrx_word' id='word_1_76' title='bbox 522 758 709 796; x_wconf 86' lang='lat' dir='ltr'>beneficio</span> <span class='ocrx_word' id='word_1_77' title='bbox 729 757 894 807; x_wconf 83' lang='lat' dir='ltr'>vulgatis</span> <span class='ocrx_word' id='word_1_78' title='bbox 917 755 1121 807; x_wconf 87' lang='lat' dir='ltr'>(editiones</span> <span class='ocrx_word' id='word_1_79' title='bbox 1141 755 1258 806; x_wconf 84' lang='lat' dir='ltr'>vulgo</span> <span class='ocrx_word' id='word_1_80' title='bbox 1275 756 1476 806; x_wconf 85' lang='lat' dir='ltr'>usurpant)</span> <span class='ocrx_word' id='word_1_81' title='bbox 1494 756 1569 794; x_wconf 90' lang='lat' dir='ltr'>dis-</span> 
     </span>
     <span class='ocr_line' id='line_1_10' title="bbox 123 817 1570 870; baseline -0.001 -15"><span class='ocrx_word' id='word_1_82' title='bbox 123 820 280 870; x_wconf 78' lang='lat' dir='ltr'>putabo,</span> <span class='ocrx_word' id='word_1_83' title='bbox 302 828 380 858; x_wconf 87' lang='lat' dir='ltr'>tum</span> <span class='ocrx_word' id='word_1_84' title='bbox 401 821 448 858; x_wconf 89' lang='lat' dir='ltr'>de</span> <span class='ocrx_word' id='word_1_85' title='bbox 468 821 663 858; x_wconf 85' lang='lat' dir='ltr'>codieibus</span> <span class='ocrx_word' id='word_1_86' title='bbox 692 820 841 858; x_wconf 89' lang='lat' dir='ltr'>calamo</span> <span class='ocrx_word' id='word_1_87' title='bbox 871 819 1049 864; x_wconf 83' lang='lat' dir='ltr'>exaratis,</span> <span class='ocrx_word' id='word_1_88' title='bbox 1069 819 1209 869; x_wconf 90' lang='lat' dir='ltr'>quibus</span> <span class='ocrx_word' id='word_1_89' title='bbox 1238 817 1405 856; x_wconf 84' lang='lat' dir='ltr'>editores</span> <span class='ocrx_word' id='word_1_90' title='bbox 1430 817 1570 869; x_wconf 84' lang='lat' dir='ltr'>quique</span> 
     </span>
     <span class='ocr_line' id='line_1_11' title="bbox 125 880 1570 931; baseline 0 -13"><span class='ocrx_word' id='word_1_91' title='bbox 125 882 200 918; x_wconf 88' lang='lat' dir='ltr'>suis</span> <span class='ocrx_word' id='word_1_92' title='bbox 222 882 256 918; x_wconf 88' lang='lat' dir='ltr'>in</span> <span class='ocrx_word' id='word_1_93' title='bbox 278 882 506 920; x_wconf 80' lang='lat' dir='ltr'>editionibus</span> <span class='ocrx_word' id='word_1_94' title='bbox 534 881 766 920; x_wconf 78' lang='lat' dir='ltr'>adornandis</span> <span class='ocrx_word' id='word_1_95' title='bbox 788 881 845 919; x_wconf 92' lang='lat' dir='ltr'>usi</span> <span class='ocrx_word' id='word_1_96' title='bbox 866 889 968 927; x_wconf 89' lang='lat' dir='ltr'>sunt,</span> <span class='ocrx_word' id='word_1_97' title='bbox 989 880 1154 931; x_wconf 87' lang='lat' dir='ltr'>denique</span> <span class='ocrx_word' id='word_1_98' title='bbox 1170 880 1262 931; x_wconf 90' lang='lat' dir='ltr'>quid</span> <span class='ocrx_word' id='word_1_99' title='bbox 1281 893 1304 918; x_wconf 86' lang='lat' dir='ltr'>a</span> <span class='ocrx_word' id='word_1_100' title='bbox 1323 893 1382 918; x_wconf 87' lang='lat' dir='ltr'>me</span> <span class='ocrx_word' id='word_1_101' title='bbox 1399 881 1484 918; x_wconf 83' lang='lat' dir='ltr'>novi</span> <span class='ocrx_word' id='word_1_102' title='bbox 1507 880 1570 918; x_wconf 84' lang='lat' dir='ltr'>de—</span> 
     </span>
     <span class='ocr_line' id='line_1_12' title="bbox 124 942 1332 994; baseline 0.001 -15"><span class='ocrx_word' id='word_1_103' title='bbox 124 943 221 980; x_wconf 77' lang='lat' dir='ltr'>coris</span> <span class='ocrx_word' id='word_1_104' title='bbox 241 942 286 980; x_wconf 86' lang='lat' dir='ltr'>ad</span> <span class='ocrx_word' id='word_1_105' title='bbox 308 942 407 980; x_wconf 88' lang='lat' dir='ltr'>hanc</span> <span class='ocrx_word' id='word_1_106' title='bbox 429 951 598 982; x_wconf 87' lang='lat' dir='ltr'>nostram</span> <span class='ocrx_word' id='word_1_107' title='bbox 618 943 822 981; x_wconf 77' lang='lat' dir='ltr'>editionem</span> <span class='ocrx_word' id='word_1_108' title='bbox 843 943 1025 981; x_wconf 86' lang='lat' dir='ltr'>collatum</span> <span class='ocrx_word' id='word_1_109' title='bbox 1047 942 1107 987; x_wconf 86' lang='lat' dir='ltr'>sit,</span> <span class='ocrx_word' id='word_1_110' title='bbox 1127 955 1332 994; x_wconf 78' lang='lat' dir='ltr'>exponam.</span> 
     </span>
    </p>
   </div>
   <div class='ocr_carea' id='block_1_3' title="bbox 517 1137 1185 1298">
    <p class='ocr_par' dir='ltr' id='par_1_3' title="bbox 517 1137 1185 1298">
     <span class='ocr_line' id='line_1_13' title="bbox 713 1137 980 1178; baseline 0 -1"><span class='ocrx_word' id='word_1_111' title='bbox 713 1137 877 1178; x_wconf 86' lang='lat' dir='ltr'>SECT.</span> <span class='ocrx_word' id='word_1_112' title='bbox 914 1137 980 1178; x_wconf 86' lang='lat' dir='ltr'>II.</span> 
     </span>
     <span class='ocr_line' id='line_1_14' title="bbox 517 1259 1185 1298; baseline 0.001 -3"><span class='ocrx_word' id='word_1_113' title='bbox 517 1259 576 1296; x_wconf 77' lang='lat' dir='ltr'>De</span> <span class='ocrx_word' id='word_1_114' title='bbox 596 1259 748 1296; x_wconf 77' lang='lat' dir='ltr'><em>editione</em></span> <span class='ocrx_word' id='word_1_115' title='bbox 768 1259 1018 1298; x_wconf 76' lang='lat' dir='ltr'><strong><em>Demosthenis</em></strong></span> <span class='ocrx_word' id='word_1_116' title='bbox 1039 1259 1185 1297; x_wconf 77' lang='lat' dir='ltr'><em>Aldina.</em></span> 
     </span>
    </p>
   </div>
   <div class='ocr_carea' id='block_1_4' title="bbox 124 1378 1588 3031">
    <p class='ocr_par' dir='ltr' id='par_1_4' title="bbox 124 1378 1588 3031">
     <span class='ocr_line' id='line_1_15' title="bbox 180 1378 1574 1431; baseline 0.003 -17"><span class='ocrx_word' id='word_1_117' title='bbox 180 1378 327 1415; x_wconf 64' lang='lat' dir='ltr'>Annus</span> <span class='ocrx_word' id='word_1_118' title='bbox 356 1392 493 1430; x_wconf 82' lang='lat' dir='ltr'>nempe</span> <span class='ocrx_word' id='word_1_119' title='bbox 515 1379 730 1427; x_wconf 83' lang='lat' dir='ltr'><strong>Manutius,</strong></span> <span class='ocrx_word' id='word_1_120' title='bbox 751 1389 859 1431; x_wconf 85' lang='lat' dir='ltr'>pater</span> <span class='ocrx_word' id='word_1_121' title='bbox 877 1380 987 1431; x_wconf 86' lang='lat' dir='ltr'>quasi</span> <span class='ocrx_word' id='word_1_122' title='bbox 1009 1379 1179 1431; x_wconf 88' lang='lat' dir='ltr'>quidam,</span> <span class='ocrx_word' id='word_1_123' title='bbox 1199 1386 1236 1416; x_wconf 89' lang='lat' dir='ltr'>et</span> <span class='ocrx_word' id='word_1_124' title='bbox 1256 1380 1419 1417; x_wconf 87' lang='lat' dir='ltr'>nutritor</span> <span class='ocrx_word' id='word_1_125' title='bbox 1438 1393 1574 1430; x_wconf 84' lang='lat' dir='ltr'>graecae</span> 
     </span>
     <span class='ocr_line' id='line_1_16' title="bbox 125 1440 1575 1494; baseline 0.001 -16"><span class='ocrx_word' id='word_1_126' title='bbox 125 1442 344 1489; x_wconf 72' lang='lat' dir='ltr'>literaturae,</span> <span class='ocrx_word' id='word_1_127' title='bbox 362 1443 399 1480; x_wconf 91' lang='lat' dir='ltr'>in</span> <span class='ocrx_word' id='word_1_128' title='bbox 420 1443 517 1490; x_wconf 86' lang='lat' dir='ltr'>aliis,</span> <span class='ocrx_word' id='word_1_129' title='bbox 534 1455 633 1494; x_wconf 91' lang='lat' dir='ltr'>quos</span> <span class='ocrx_word' id='word_1_130' title='bbox 653 1442 795 1481; x_wconf 89' lang='lat' dir='ltr'>multos</span> <span class='ocrx_word' id='word_1_131' title='bbox 815 1456 836 1480; x_wconf 88' lang='lat' dir='ltr'>e</span> <span class='ocrx_word' id='word_1_132' title='bbox 856 1442 931 1481; x_wconf 91' lang='lat' dir='ltr'>situ</span> <span class='ocrx_word' id='word_1_133' title='bbox 951 1449 992 1480; x_wconf 88' lang='lat' dir='ltr'>et</span> <span class='ocrx_word' id='word_1_134' title='bbox 1010 1441 1179 1481; x_wconf 84' lang='lat' dir='ltr'>tenebris</span> <span class='ocrx_word' id='word_1_135' title='bbox 1198 1440 1516 1480; x_wconf 81' lang='lat' dir='ltr'>bibliothecarum</span> <span class='ocrx_word' id='word_1_136' title='bbox 1538 1443 1575 1479; x_wconf 86' lang='lat' dir='ltr'>in</span> 
     </span>
     <span class='ocr_line' id='line_1_17' title="bbox 127 1502 1580 1556; baseline 0.001 -17"><span class='ocrx_word' id='word_1_137' title='bbox 127 1502 254 1540; x_wconf 89' lang='lat' dir='ltr'>lucem</span> <span class='ocrx_word' id='word_1_138' title='bbox 269 1503 462 1554; x_wconf 84' lang='lat' dir='ltr'>publicam</span> <span class='ocrx_word' id='word_1_139' title='bbox 476 1504 677 1556; x_wconf 84' lang='lat' dir='ltr'>protraxit,</span> <span class='ocrx_word' id='word_1_140' title='bbox 693 1504 915 1543; x_wconf 86' lang='lat' dir='ltr'>auctoribus</span> <span class='ocrx_word' id='word_1_141' title='bbox 931 1503 1065 1555; x_wconf 81' lang='lat' dir='ltr'>graeeis</span> <span class='ocrx_word' id='word_1_142' title='bbox 1082 1502 1422 1554; x_wconf 77' lang='lat' dir='ltr'>praestantissimis,</span> <span class='ocrx_word' id='word_1_143' title='bbox 1440 1503 1580 1541; x_wconf 87' lang='lat' dir='ltr'>Demo-</span> 
     </span>
     <span class='ocr_line' id='line_1_18' title="bbox 128 1563 1581 1616; baseline 0.002 -16"><span class='ocrx_word' id='word_1_144' title='bbox 128 1563 260 1601; x_wconf 83' lang='lat' dir='ltr'>sthene</span> <span class='ocrx_word' id='word_1_145' title='bbox 291 1577 443 1616; x_wconf 84' lang='lat' dir='ltr'>quoque</span> <span class='ocrx_word' id='word_1_146' title='bbox 474 1578 544 1604; x_wconf 90' lang='lat' dir='ltr'>nos</span> <span class='ocrx_word' id='word_1_147' title='bbox 571 1565 699 1604; x_wconf 84' lang='lat' dir='ltr'>beavit</span> <span class='ocrx_word' id='word_1_148' title='bbox 727 1565 880 1616; x_wconf 88' lang='lat' dir='ltr'>primus,</span> <span class='ocrx_word' id='word_1_149' title='bbox 906 1578 926 1602; x_wconf 91' lang='lat' dir='ltr'>e</span> <span class='ocrx_word' id='word_1_150' title='bbox 953 1564 1218 1616; x_wconf 84' lang='lat' dir='ltr'>typographeo</span> <span class='ocrx_word' id='word_1_151' title='bbox 1245 1576 1316 1602; x_wconf 88' lang='lat' dir='ltr'>suo</span> <span class='ocrx_word' id='word_1_152' title='bbox 1339 1564 1511 1602; x_wconf 64' lang='lat' dir='ltr'>Veneriis</span> <span class='ocrx_word' id='word_1_153' title='bbox 1532 1565 1581 1603; x_wconf 90' lang='lat' dir='ltr'>A.</span> 
     </span>
     <span class='ocr_line' id='line_1_19' title="bbox 131 1625 1579 1676; baseline 0 -14"><span class='ocrx_word' id='word_1_154' title='bbox 131 1626 244 1663; x_wconf 84' lang='lat'>1504.</span> <span class='ocrx_word' id='word_1_155' title='bbox 264 1626 431 1676; x_wconf 87' lang='lat' dir='ltr'>prodito.</span> <span class='ocrx_word' id='word_1_156' title='bbox 486 1627 676 1665; x_wconf 87' lang='lat' dir='ltr'>Volumen</span> <span class='ocrx_word' id='word_1_157' title='bbox 692 1633 752 1664; x_wconf 81' lang='lat' dir='ltr'>est</span> <span class='ocrx_word' id='word_1_158' title='bbox 778 1626 816 1664; x_wconf 88' lang='lat' dir='ltr'>in</span> <span class='ocrx_word' id='word_1_159' title='bbox 846 1626 935 1664; x_wconf 86' lang='lat' dir='ltr'>folio</span> <span class='ocrx_word' id='word_1_160' title='bbox 955 1626 1099 1664; x_wconf 85' lang='lat' dir='ltr'>minore</span> <span class='ocrx_word' id='word_1_161' title='bbox 1118 1625 1326 1671; x_wconf 89' lang='lat' dir='ltr'>modicum,</span> <span class='ocrx_word' id='word_1_162' title='bbox 1344 1625 1579 1676; x_wconf 88' lang='lat' dir='ltr'>bipertitum.</span> 
     </span>
     <span class='ocr_line' id='line_1_20' title="bbox 129 1686 1581 1739; baseline 0.001 -16"><span class='ocrx_word' id='word_1_163' title='bbox 129 1686 222 1725; x_wconf 85' lang='lat' dir='ltr'>Pars</span> <span class='ocrx_word' id='word_1_164' title='bbox 251 1686 373 1738; x_wconf 84' lang='lat' dir='ltr'>prima</span> <span class='ocrx_word' id='word_1_165' title='bbox 399 1688 573 1738; x_wconf 87' lang='lat' dir='ltr'>procedit</span> <span class='ocrx_word' id='word_1_166' title='bbox 600 1688 649 1726; x_wconf 89' lang='lat' dir='ltr'>ad</span> <span class='ocrx_word' id='word_1_167' title='bbox 673 1702 710 1739; x_wconf 89' lang='lat' dir='ltr'>p.</span> <span class='ocrx_word' id='word_1_168' title='bbox 733 1689 823 1725; x_wconf 79' lang='lat'>320.</span> <span class='ocrx_word' id='word_1_169' title='bbox 851 1700 939 1738; x_wconf 81' lang='lat' dir='ltr'>quae</span> <span class='ocrx_word' id='word_1_170' title='bbox 966 1687 1109 1738; x_wconf 84' lang='lat' dir='ltr'>pagina</span> <span class='ocrx_word' id='word_1_171' title='bbox 1133 1686 1286 1726; x_wconf 75' lang='lat' dir='ltr'>exhibet</span> <span class='ocrx_word' id='word_1_172' title='bbox 1305 1686 1451 1724; x_wconf 86' lang='lat' dir='ltr'>Libanii</span> <span class='ocrx_word' id='word_1_173' title='bbox 1471 1700 1581 1737; x_wconf 85' lang='lat' dir='ltr'>argu-</span> 
     </span>
     <span class='ocr_line' id='line_1_21' title="bbox 126 1749 1583 1800; baseline 0.001 -15"><span class='ocrx_word' id='word_1_174' title='bbox 126 1755 296 1786; x_wconf 88' lang='lat' dir='ltr'>mentum</span> <span class='ocrx_word' id='word_1_175' title='bbox 316 1749 364 1786; x_wconf 91' lang='lat' dir='ltr'>ad</span> <span class='ocrx_word' id='word_1_176' title='bbox 382 1750 591 1787; x_wconf 87' lang='lat' dir='ltr'>orationem</span> <span class='ocrx_word' id='word_1_177' title='bbox 613 1750 770 1800; x_wconf 89' lang='lat' dir='ltr'>primam</span> <span class='ocrx_word' id='word_1_178' title='bbox 797 1749 833 1786; x_wconf 90' lang='lat' dir='ltr'>in</span> <span class='ocrx_word' id='word_1_179' title='bbox 855 1749 1169 1799; x_wconf 84' lang='lat' dir='ltr'>Aristogitonem.</span> <span class='ocrx_word' id='word_1_180' title='bbox 1190 1755 1272 1786; x_wconf 87' lang='lat' dir='ltr'>tum</span> <span class='ocrx_word' id='word_1_181' title='bbox 1292 1761 1415 1787; x_wconf 82' lang='lat' dir='ltr'>novus</span> <span class='ocrx_word' id='word_1_182' title='bbox 1435 1749 1583 1787; x_wconf 85' lang='lat' dir='ltr'>orditur</span> 
     </span>
     <span class='ocr_line' id='line_1_22' title="bbox 126 1806 1581 1862; baseline 0.001 -15"><span class='ocrx_word' id='word_1_183' title='bbox 126 1806 350 1861; x_wconf 84' lang='lat' dir='ltr'>paginarum</span> <span class='ocrx_word' id='word_1_184' title='bbox 370 1810 479 1857; x_wconf 90' lang='lat' dir='ltr'>ordo,</span> <span class='ocrx_word' id='word_1_185' title='bbox 498 1824 628 1850; x_wconf 86' lang='lat' dir='ltr'>rursus</span> <span class='ocrx_word' id='word_1_186' title='bbox 643 1824 666 1849; x_wconf 89' lang='lat' dir='ltr'>a</span> <span class='ocrx_word' id='word_1_187' title='bbox 684 1824 722 1862; x_wconf 88' lang='lat' dir='ltr'>p.</span> <span class='ocrx_word' id='word_1_188' title='bbox 743 1813 776 1848; x_wconf 90' lang='lat'>1.</span> <span class='ocrx_word' id='word_1_189' title='bbox 792 1810 841 1848; x_wconf 90' lang='lat' dir='ltr'>ad</span> <span class='ocrx_word' id='word_1_190' title='bbox 854 1824 893 1862; x_wconf 90' lang='lat' dir='ltr'>p.</span> <span class='ocrx_word' id='word_1_191' title='bbox 909 1811 1000 1848; x_wconf 80' lang='lat'>286.</span> <span class='ocrx_word' id='word_1_192' title='bbox 1014 1823 1194 1861; x_wconf 83' lang='lat' dir='ltr'>pergens.</span> <span class='ocrx_word' id='word_1_193' title='bbox 1250 1810 1296 1847; x_wconf 90' lang='lat' dir='ltr'>ln</span> <span class='ocrx_word' id='word_1_194' title='bbox 1311 1823 1349 1861; x_wconf 90' lang='lat' dir='ltr'>p.</span> <span class='ocrx_word' id='word_1_195' title='bbox 1371 1811 1462 1848; x_wconf 92' lang='lat'>273.</span> <span class='ocrx_word' id='word_1_196' title='bbox 1480 1809 1581 1848; x_wconf 88' lang='lat' dir='ltr'>desi-</span> 
     </span>
     <span class='ocr_line' id='line_1_23' title="bbox 126 1871 1579 1924; baseline 0.001 -15"><span class='ocrx_word' id='word_1_197' title='bbox 126 1879 222 1909; x_wconf 90' lang='lat' dir='ltr'>nunt</span> <span class='ocrx_word' id='word_1_198' title='bbox 239 1871 335 1923; x_wconf 87' lang='lat' dir='ltr'>ipsae</span> <span class='ocrx_word' id='word_1_199' title='bbox 355 1872 626 1912; x_wconf 86' lang='lat' dir='ltr'>Demosthenis</span> <span class='ocrx_word' id='word_1_200' title='bbox 642 1872 825 1923; x_wconf 86' lang='lat' dir='ltr'>reliquiae.</span> <span class='ocrx_word' id='word_1_201' title='bbox 873 1873 908 1910; x_wconf 95' lang='lat' dir='ltr'><strong>A</strong></span> <span class='ocrx_word' id='word_1_202' title='bbox 927 1885 967 1924; x_wconf 92' lang='lat' dir='ltr'>p.</span> <span class='ocrx_word' id='word_1_203' title='bbox 979 1873 1072 1910; x_wconf 81' lang='lat'>274.</span> <span class='ocrx_word' id='word_1_204' title='bbox 1085 1878 1218 1910; x_wconf 65' lang='lat' dir='ltr'>‚autem</span> <span class='ocrx_word' id='word_1_205' title='bbox 1231 1885 1353 1922; x_wconf 85' lang='lat' dir='ltr'>usque</span> <span class='ocrx_word' id='word_1_206' title='bbox 1368 1871 1416 1909; x_wconf 87' lang='lat' dir='ltr'>ad</span> <span class='ocrx_word' id='word_1_207' title='bbox 1431 1885 1468 1922; x_wconf 85' lang='lat' dir='ltr'>p.</span> <span class='ocrx_word' id='word_1_208' title='bbox 1486 1872 1579 1910; x_wconf 78' lang='lat'>286.</span> 
     </span>
     <span class='ocr_line' id='line_1_24' title="bbox 124 1931 1581 1985; baseline -0.001 -15"><span class='ocrx_word' id='word_1_209' title='bbox 124 1932 309 1971; x_wconf 90' lang='lat' dir='ltr'>continua</span> <span class='ocrx_word' id='word_1_210' title='bbox 329 1933 426 1972; x_wconf 87' lang='lat' dir='ltr'>serie</span> <span class='ocrx_word' id='word_1_211' title='bbox 444 1933 626 1985; x_wconf 85' lang='lat' dir='ltr'>leguntur</span> <span class='ocrx_word' id='word_1_212' title='bbox 646 1933 856 1972; x_wconf 88' lang='lat' dir='ltr'>Libaniana</span> <span class='ocrx_word' id='word_1_213' title='bbox 882 1940 1115 1984; x_wconf 84' lang='lat' dir='ltr'>argumenta</span> <span class='ocrx_word' id='word_1_214' title='bbox 1139 1933 1178 1971; x_wconf 89' lang='lat' dir='ltr'>in</span> <span class='ocrx_word' id='word_1_215' title='bbox 1201 1932 1395 1970; x_wconf 87' lang='lat' dir='ltr'>orationes</span> <span class='ocrx_word' id='word_1_216' title='bbox 1417 1946 1480 1970; x_wconf 88' lang='lat' dir='ltr'>eas</span> <span class='ocrx_word' id='word_1_217' title='bbox 1499 1931 1581 1970; x_wconf 86' lang='lat' dir='ltr'>De-</span> 
     </span>
     <span class='ocr_line' id='line_1_25' title="bbox 124 1993 1580 2046; baseline 0 -15"><span class='ocrx_word' id='word_1_218' title='bbox 124 1993 398 2041; x_wconf 88' lang='lat' dir='ltr'>mosthenicas‚</span> <span class='ocrx_word' id='word_1_219' title='bbox 415 2008 502 2046; x_wconf 88' lang='lat' dir='ltr'>quae</span> <span class='ocrx_word' id='word_1_220' title='bbox 520 1995 626 2033; x_wconf 82' lang='lat' dir='ltr'>illam</span> <span class='ocrx_word' id='word_1_221' title='bbox 639 1994 756 2046; x_wconf 86' lang='lat' dir='ltr'>paulo</span> <span class='ocrx_word' id='word_1_222' title='bbox 772 2002 863 2033; x_wconf 84' lang='lat' dir='ltr'>ante</span> <span class='ocrx_word' id='word_1_223' title='bbox 876 1994 1021 2033; x_wconf 87' lang='lat' dir='ltr'>dictam</span> <span class='ocrx_word' id='word_1_224' title='bbox 1042 1994 1202 2046; x_wconf 85' lang='lat' dir='ltr'>primam</span> <span class='ocrx_word' id='word_1_225' title='bbox 1222 1994 1260 2031; x_wconf 90' lang='lat' dir='ltr'>in</span> <span class='ocrx_word' id='word_1_226' title='bbox 1277 1994 1580 2044; x_wconf 85' lang='lat' dir='ltr'>Aristogitonem</span> 
     </span>
     <span class='ocr_line' id='line_1_26' title="bbox 127 2054 1581 2106; baseline 0 -14"><span class='ocrx_word' id='word_1_227' title='bbox 127 2054 336 2106; x_wconf 84' lang='lat' dir='ltr'>excipiunt,</span> <span class='ocrx_word' id='word_1_228' title='bbox 354 2069 442 2094; x_wconf 89' lang='lat' dir='ltr'>cum</span> <span class='ocrx_word' id='word_1_229' title='bbox 460 2056 534 2095; x_wconf 90' lang='lat' dir='ltr'>hoc</span> <span class='ocrx_word' id='word_1_230' title='bbox 554 2056 662 2095; x_wconf 83' lang='lat' dir='ltr'>titulo</span> <span class='ocrx_word' id='word_1_231' title='bbox 683 2054 862 2103; x_wconf 82' lang='grc' dir='ltr'>λιβανίου</span> <span class='ocrx_word' id='word_1_232' title='bbox 882 2055 1080 2099; x_wconf 65' lang='grc' dir='ltr'>ὑποθέσεις</span> <span class='ocrx_word' id='word_1_233' title='bbox 1099 2058 1153 2098; x_wconf 84' lang='grc' dir='ltr'>εἰς</span> <span class='ocrx_word' id='word_1_234' title='bbox 1178 2056 1263 2098; x_wconf 72' lang='grc' dir='ltr'>τοὺς</span> <span class='ocrx_word' id='word_1_235' title='bbox 1287 2058 1384 2106; x_wconf 68' lang='grc' dir='ltr'>μετά</span> <span class='ocrx_word' id='word_1_236' title='bbox 1404 2054 1467 2093; x_wconf 77' lang='grc' dir='ltr'>τὸν</span> <span class='ocrx_word' id='word_1_237' title='bbox 1487 2056 1581 2093; x_wconf 75' lang='grc' dir='ltr'>κατά</span> 
     </span>
     <span class='ocr_line' id='line_1_27' title="bbox 128 2115 1583 2170; baseline 0.001 -18"><span class='ocrx_word' id='word_1_238' title='bbox 128 2116 442 2167; x_wconf 70' lang='grc' dir='ltr'>ἀριστογείτονος,</span> <span class='ocrx_word' id='word_1_239' title='bbox 470 2116 718 2170; x_wconf 62' lang='grc' dir='ltr'>δημοσθένους</span> <span class='ocrx_word' id='word_1_240' title='bbox 746 2119 896 2165; x_wconf 80' lang='grc' dir='ltr'>λόγους.</span> <span class='ocrx_word' id='word_1_241' title='bbox 954 2117 1054 2155; x_wconf 84' lang='lat' dir='ltr'>Nam</span> <span class='ocrx_word' id='word_1_242' title='bbox 1081 2117 1120 2154; x_wconf 85' lang='lat' dir='ltr'>in</span> <span class='ocrx_word' id='word_1_243' title='bbox 1145 2116 1270 2168; x_wconf 84' lang='lat' dir='ltr'>primo</span> <span class='ocrx_word' id='word_1_244' title='bbox 1300 2123 1404 2154; x_wconf 87' lang='lat' dir='ltr'>tomo</span> <span class='ocrx_word' id='word_1_245' title='bbox 1430 2115 1583 2154; x_wconf 83' lang='lat' dir='ltr'>Aldinae</span> 
     </span>
     <span class='ocr_line' id='line_1_28' title="bbox 130 2176 1580 2230; baseline 0.001 -16"><span class='ocrx_word' id='word_1_246' title='bbox 130 2177 289 2228; x_wconf 82' lang='lat' dir='ltr'>singulis</span> <span class='ocrx_word' id='word_1_247' title='bbox 308 2178 523 2230; x_wconf 88' lang='lat' dir='ltr'>quibusque</span> <span class='ocrx_word' id='word_1_248' title='bbox 543 2177 776 2217; x_wconf 90' lang='lat' dir='ltr'>orationibus</span> <span class='ocrx_word' id='word_1_249' title='bbox 795 2178 992 2229; x_wconf 83' lang='lat' dir='ltr'>praemissa</span> <span class='ocrx_word' id='word_1_250' title='bbox 1005 2183 1098 2216; x_wconf 87' lang='lat' dir='ltr'>sunt</span> <span class='ocrx_word' id='word_1_251' title='bbox 1111 2182 1354 2229; x_wconf 87' lang='lat' dir='ltr'>argumenta,</span> <span class='ocrx_word' id='word_1_252' title='bbox 1375 2189 1452 2215; x_wconf 89' lang='lat' dir='ltr'>non</span> <span class='ocrx_word' id='word_1_253' title='bbox 1470 2176 1580 2215; x_wconf 86' lang='lat' dir='ltr'>Liba-</span> 
     </span>
     <span class='ocr_line' id='line_1_29' title="bbox 129 2234 1582 2291; baseline 0.001 -16"><span class='ocrx_word' id='word_1_254' title='bbox 129 2234 242 2277; x_wconf 76' lang='lat' dir='ltr'>niana</span> <span class='ocrx_word' id='word_1_255' title='bbox 262 2238 521 2286; x_wconf 85' lang='lat' dir='ltr'>solummodo,</span> <span class='ocrx_word' id='word_1_256' title='bbox 543 2239 611 2277; x_wconf 90' lang='lat' dir='ltr'>sed</span> <span class='ocrx_word' id='word_1_257' title='bbox 631 2238 747 2277; x_wconf 81' lang='lat' dir='ltr'>etiam</span> <span class='ocrx_word' id='word_1_258' title='bbox 769 2239 817 2277; x_wconf 90' lang='lat' dir='ltr'>ab</span> <span class='ocrx_word' id='word_1_259' title='bbox 838 2239 911 2278; x_wconf 88' lang='lat' dir='ltr'>alio</span> <span class='ocrx_word' id='word_1_260' title='bbox 930 2238 1109 2291; x_wconf 87' lang='lat' dir='ltr'>quopiam</span> <span class='ocrx_word' id='word_1_261' title='bbox 1135 2238 1267 2289; x_wconf 82' lang='lat' dir='ltr'>ignoto</span> <span class='ocrx_word' id='word_1_262' title='bbox 1296 2238 1468 2289; x_wconf 84' lang='lat' dir='ltr'>graeculo</span> <span class='ocrx_word' id='word_1_263' title='bbox 1493 2251 1582 2289; x_wconf 87' lang='lat' dir='ltr'>pro—</span> 
     </span>
     <span class='ocr_line' id='line_1_30' title="bbox 128 2298 1583 2352; baseline -0.001 -14"><span class='ocrx_word' id='word_1_264' title='bbox 128 2300 244 2338; x_wconf 89' lang='lat' dir='ltr'>fecta.</span> <span class='ocrx_word' id='word_1_265' title='bbox 301 2300 436 2339; x_wconf 90' lang='lat' dir='ltr'>Finem</span> <span class='ocrx_word' id='word_1_266' title='bbox 457 2300 580 2352; x_wconf 88' lang='lat' dir='ltr'>operis</span> <span class='ocrx_word' id='word_1_267' title='bbox 607 2300 753 2339; x_wconf 83' lang='lat' dir='ltr'>faciunt</span> <span class='ocrx_word' id='word_1_268' title='bbox 771 2300 886 2338; x_wconf 85' lang='lat' dir='ltr'>variae</span> <span class='ocrx_word' id='word_1_269' title='bbox 905 2299 1093 2338; x_wconf 87' lang='lat' dir='ltr'>lectiones</span> <span class='ocrx_word' id='word_1_270' title='bbox 1122 2300 1170 2337; x_wconf 88' lang='lat' dir='ltr'>ab</span> <span class='ocrx_word' id='word_1_271' title='bbox 1192 2298 1310 2347; x_wconf 91' lang='lat' dir='ltr'>Aldo,</span> <span class='ocrx_word' id='word_1_272' title='bbox 1328 2312 1398 2337; x_wconf 84' lang='lat' dir='ltr'>seu</span> <span class='ocrx_word' id='word_1_273' title='bbox 1418 2299 1583 2337; x_wconf 89' lang='lat' dir='ltr'>Musuro</span> 
     </span>
     <span class='ocr_line' id='line_1_31' title="bbox 127 2360 1584 2413; baseline -0.001 -13"><span class='ocrx_word' id='word_1_274' title='bbox 127 2361 302 2409; x_wconf 85' lang='lat' dir='ltr'>forsitan,</span> <span class='ocrx_word' id='word_1_275' title='bbox 321 2369 389 2401; x_wconf 87' lang='lat' dir='ltr'>aut</span> <span class='ocrx_word' id='word_1_276' title='bbox 409 2361 720 2409; x_wconf 85' lang='lat' dir='ltr'>Carteromacho,</span> <span class='ocrx_word' id='word_1_277' title='bbox 747 2375 768 2400; x_wconf 89' lang='lat' dir='ltr'>e</span> <span class='ocrx_word' id='word_1_278' title='bbox 793 2362 927 2408; x_wconf 85' lang='lat' dir='ltr'>tribus,</span> <span class='ocrx_word' id='word_1_279' title='bbox 949 2374 1036 2413; x_wconf 84' lang='lat' dir='ltr'>quae</span> <span class='ocrx_word' id='word_1_280' title='bbox 1063 2374 1180 2413; x_wconf 87' lang='lat' dir='ltr'>penes</span> <span class='ocrx_word' id='word_1_281' title='bbox 1207 2373 1275 2399; x_wconf 83' lang='lat' dir='ltr'>eos</span> <span class='ocrx_word' id='word_1_282' title='bbox 1296 2367 1418 2408; x_wconf 82' lang='lat' dir='ltr'>erant,</span> <span class='ocrx_word' id='word_1_283' title='bbox 1439 2360 1584 2399; x_wconf 83' lang='lat' dir='ltr'>codici-</span> 
     </span>
     <span class='ocr_line' id='line_1_32' title="bbox 129 2422 1585 2477; baseline -0.001 -16"><span class='ocrx_word' id='word_1_284' title='bbox 129 2424 200 2463; x_wconf 91' lang='lat' dir='ltr'>bus</span> <span class='ocrx_word' id='word_1_285' title='bbox 219 2423 378 2462; x_wconf 88' lang='lat' dir='ltr'>vetustis</span> <span class='ocrx_word' id='word_1_286' title='bbox 399 2424 588 2472; x_wconf 81' lang='lat' dir='ltr'>collectae,</span> <span class='ocrx_word' id='word_1_287' title='bbox 614 2423 683 2463; x_wconf 88' lang='lat' dir='ltr'>sed</span> <span class='ocrx_word' id='word_1_288' title='bbox 713 2423 927 2477; x_wconf 80' lang='lat' dir='ltr'>incredibili</span> <span class='ocrx_word' id='word_1_289' title='bbox 953 2436 1041 2464; x_wconf 88' lang='lat' dir='ltr'>cum</span> <span class='ocrx_word' id='word_1_290' title='bbox 1071 2422 1289 2474; x_wconf 87' lang='lat' dir='ltr'>supinitate.</span> <span class='ocrx_word' id='word_1_291' title='bbox 1347 2422 1475 2462; x_wconf 83' lang='lat' dir='ltr'>Aldus</span> <span class='ocrx_word' id='word_1_292' title='bbox 1501 2423 1585 2473; x_wconf 85' lang='lat' dir='ltr'>ipse</span> 
     </span>
     <span class='ocr_line' id='line_1_33' title="bbox 129 2484 1582 2538; baseline 0.001 -16"><span class='ocrx_word' id='word_1_293' title='bbox 129 2490 294 2523; x_wconf 81' lang='lat' dir='ltr'>testatur</span> <span class='ocrx_word' id='word_1_294' title='bbox 312 2484 349 2522; x_wconf 91' lang='lat' dir='ltr'>in</span> <span class='ocrx_word' id='word_1_295' title='bbox 363 2485 438 2524; x_wconf 87' lang='lat' dir='ltr'>hac</span> <span class='ocrx_word' id='word_1_296' title='bbox 459 2485 568 2538; x_wconf 87' lang='lat' dir='ltr'>sylva</span> <span class='ocrx_word' id='word_1_297' title='bbox 585 2485 825 2532; x_wconf 87' lang='lat' dir='ltr'>variantium,</span> <span class='ocrx_word' id='word_1_298' title='bbox 841 2497 927 2524; x_wconf 90' lang='lat' dir='ltr'>eam</span> <span class='ocrx_word' id='word_1_299' title='bbox 941 2498 961 2523; x_wconf 92' lang='lat' dir='ltr'>e</span> <span class='ocrx_word' id='word_1_300' title='bbox 982 2485 1101 2523; x_wconf 87' lang='lat' dir='ltr'>tribus</span> <span class='ocrx_word' id='word_1_301' title='bbox 1116 2484 1224 2523; x_wconf 89' lang='lat' dir='ltr'>mstis</span> <span class='ocrx_word' id='word_1_302' title='bbox 1241 2497 1329 2522; x_wconf 87' lang='lat' dir='ltr'>esse</span> <span class='ocrx_word' id='word_1_303' title='bbox 1344 2491 1582 2535; x_wconf 87' lang='lat' dir='ltr'>congestam.</span> 
     </span>
     <span class='ocr_line' id='line_1_34' title="bbox 129 2545 1586 2599; baseline 0.001 -15"><span class='ocrx_word' id='word_1_304' title='bbox 129 2546 228 2584; x_wconf 83' lang='lat' dir='ltr'>Nam</span> <span class='ocrx_word' id='word_1_305' title='bbox 245 2545 294 2584; x_wconf 90' lang='lat' dir='ltr'>ad</span> <span class='ocrx_word' id='word_1_306' title='bbox 311 2546 437 2585; x_wconf 88' lang='lat' dir='ltr'>locum</span> <span class='ocrx_word' id='word_1_307' title='bbox 450 2548 515 2599; x_wconf 89' lang='lat' dir='ltr'>qui</span> <span class='ocrx_word' id='word_1_308' title='bbox 530 2547 565 2585; x_wconf 88' lang='lat' dir='ltr'>in</span> <span class='ocrx_word' id='word_1_309' title='bbox 579 2547 743 2586; x_wconf 88' lang='lat' dir='ltr'>editione</span> <span class='ocrx_word' id='word_1_310' title='bbox 758 2554 890 2586; x_wconf 89' lang='lat' dir='ltr'>nostra</span> <span class='ocrx_word' id='word_1_311' title='bbox 903 2560 943 2598; x_wconf 91' lang='lat' dir='ltr'>p.</span> <span class='ocrx_word' id='word_1_312' title='bbox 961 2548 1051 2585; x_wconf 81' lang='lat'>371.</span> <span class='ocrx_word' id='word_1_313' title='bbox 1067 2547 1178 2584; x_wconf 88' lang='lat' dir='ltr'>v.2l.</span> <span class='ocrx_word' id='word_1_314' title='bbox 1190 2546 1330 2597; x_wconf 83' lang='lat' dir='ltr'>legitur</span> <span class='ocrx_word' id='word_1_315' title='bbox 1345 2547 1400 2596; x_wconf 88' lang='lat' dir='ltr'>(in</span> <span class='ocrx_word' id='word_1_316' title='bbox 1411 2546 1586 2585; x_wconf 85' lang='lat' dir='ltr'>Parisina</span> 
     </span>
     <span class='ocr_line' id='line_1_35' title="bbox 130 2608 1584 2661; baseline 0.001 -16"><span class='ocrx_word' id='word_1_317' title='bbox 130 2623 168 2660; x_wconf 88' lang='lat' dir='ltr'>p.</span> <span class='ocrx_word' id='word_1_318' title='bbox 184 2609 276 2646; x_wconf 87' lang='lat'>220.</span> <span class='ocrx_word' id='word_1_319' title='bbox 293 2610 353 2647; x_wconf 78' lang='lat'>12.</span> <span class='ocrx_word' id='word_1_320' title='bbox 370 2609 408 2646; x_wconf 90' lang='lat' dir='ltr'>in</span> <span class='ocrx_word' id='word_1_321' title='bbox 425 2609 566 2648; x_wconf 85' lang='lat' dir='ltr'>Aldina</span> <span class='ocrx_word' id='word_1_322' title='bbox 585 2623 623 2661; x_wconf 83' lang='lat' dir='ltr'>p.</span> <span class='ocrx_word' id='word_1_323' title='bbox 645 2611 736 2649; x_wconf 87' lang='grc'><strong>155.</strong></span> <span class='ocrx_word' id='word_1_324' title='bbox 756 2610 801 2647; x_wconf 90' lang='grc' dir='ltr'>Τ.</span> <span class='ocrx_word' id='word_1_325' title='bbox 818 2610 848 2647; x_wconf 93' lang='grc' dir='ltr'>Ι.</span> <span class='ocrx_word' id='word_1_326' title='bbox 867 2622 977 2648; x_wconf 88' lang='lat' dir='ltr'>versu</span> <span class='ocrx_word' id='word_1_327' title='bbox 1001 2610 1079 2654; x_wconf 83' lang='lat'>10.)</span> <span class='ocrx_word' id='word_1_328' title='bbox 1097 2608 1181 2646; x_wconf 86' lang='lat' dir='ltr'>haec</span> <span class='ocrx_word' id='word_1_329' title='bbox 1201 2614 1386 2647; x_wconf 87' lang='lat' dir='ltr'>annotata</span> <span class='ocrx_word' id='word_1_330' title='bbox 1404 2608 1584 2659; x_wconf 83' lang='lat' dir='ltr'>leguntur</span> 
     </span>
     <span class='ocr_line' id='line_1_36' title="bbox 130 2669 1584 2723; baseline 0.001 -17"><span class='ocrx_word' id='word_1_331' title='bbox 130 2670 169 2707; x_wconf 92' lang='lat' dir='ltr'>in</span> <span class='ocrx_word' id='word_1_332' title='bbox 188 2669 253 2707; x_wconf 91' lang='lat' dir='ltr'>illo</span> <span class='ocrx_word' id='word_1_333' title='bbox 279 2669 404 2708; x_wconf 85' lang='lat' dir='ltr'>indice</span> <span class='ocrx_word' id='word_1_334' title='bbox 426 2670 574 2709; x_wconf 89' lang='lat' dir='ltr'>Aldino</span> <span class='ocrx_word' id='word_1_335' title='bbox 601 2673 707 2719; x_wconf 88' lang='lat' dir='ltr'>(nam</span> <span class='ocrx_word' id='word_1_336' title='bbox 733 2670 790 2710; x_wconf 87' lang='lat' dir='ltr'>sic</span> <span class='ocrx_word' id='word_1_337' title='bbox 816 2670 999 2723; x_wconf 85' lang='lat' dir='ltr'>appellito</span> <span class='ocrx_word' id='word_1_338' title='bbox 1022 2670 1062 2709; x_wconf 90' lang='lat' dir='ltr'>in</span> <span class='ocrx_word' id='word_1_339' title='bbox 1085 2669 1364 2708; x_wconf 87' lang='lat' dir='ltr'>commentariis</span> <span class='ocrx_word' id='word_1_340' title='bbox 1394 2669 1487 2706; x_wconf 87' lang='lat' dir='ltr'>meis</span> <span class='ocrx_word' id='word_1_341' title='bbox 1513 2683 1584 2708; x_wconf 85' lang='lat' dir='ltr'>suo</span> 
     </span>
     <span class='ocr_line' id='line_1_37' title="bbox 130 2730 1585 2785; baseline 0.001 -18"><span class='ocrx_word' id='word_1_342' title='bbox 130 2738 300 2781; x_wconf 86' lang='lat' dir='ltr'>tempore</span> <span class='ocrx_word' id='word_1_343' title='bbox 319 2731 574 2782; x_wconf 86' lang='lat' dir='ltr'>publicandis,</span> <span class='ocrx_word' id='word_1_344' title='bbox 595 2732 785 2785; x_wconf 84' lang='lat' dir='ltr'>Taylorus</span> <span class='ocrx_word' id='word_1_345' title='bbox 800 2732 955 2784; x_wconf 87' lang='lat' dir='ltr'>Msptos</span> <span class='ocrx_word' id='word_1_346' title='bbox 970 2731 1063 2771; x_wconf 91' lang='lat' dir='ltr'>Aldi</span> <span class='ocrx_word' id='word_1_347' title='bbox 1077 2731 1272 2783; x_wconf 81' lang='lat' dir='ltr'>appellare</span> <span class='ocrx_word' id='word_1_348' title='bbox 1287 2730 1400 2781; x_wconf 86' lang='lat' dir='ltr'>solet)</span> <span class='ocrx_word' id='word_1_349' title='bbox 1420 2730 1460 2769; x_wconf 81' lang='grc' dir='ltr'>ἐν</span> <span class='ocrx_word' id='word_1_350' title='bbox 1480 2730 1585 2783; x_wconf 69' lang='grc' dir='ltr'>ἄλλῳ</span> 
     </span>
     <span class='ocr_line' id='line_1_38' title="bbox 133 2791 1588 2847; baseline 0.001 -18"><span class='ocrx_word' id='word_1_351' title='bbox 133 2791 168 2829; x_wconf 78' lang='grc' dir='ltr'>δὲ</span> <span class='ocrx_word' id='word_1_352' title='bbox 194 2792 408 2846; x_wconf 73' lang='grc' dir='ltr'>α’νηγράφῳ</span> <span class='ocrx_word' id='word_1_353' title='bbox 433 2795 516 2847; x_wconf 77' lang='grc' dir='ltr'>τρία</span> <span class='ocrx_word' id='word_1_354' title='bbox 544 2797 619 2847; x_wconf 68' lang='grc' dir='ltr'>’γάρ</span> <span class='ocrx_word' id='word_1_355' title='bbox 645 2795 810 2846; x_wconf 71' lang='grc' dir='ltr'>εἴχομεν.</span> <span class='ocrx_word' id='word_1_356' title='bbox 830 2794 1105 2838; x_wconf 70' lang='lat' dir='ltr'>oiirwc.—Qua</span> <span class='ocrx_word' id='word_1_357' title='bbox 1124 2793 1299 2833; x_wconf 81' lang='lat' dir='ltr'>socordia</span> <span class='ocrx_word' id='word_1_358' title='bbox 1317 2793 1517 2832; x_wconf 84' lang='lat' dir='ltr'>confectus</span> <span class='ocrx_word' id='word_1_359' title='bbox 1539 2794 1588 2831; x_wconf 88' lang='lat' dir='ltr'>sit</span> 
     </span>
     <span class='ocr_line' id='line_1_39' title="bbox 133 2851 1584 2909; baseline 0.001 -20"><span class='ocrx_word' id='word_1_360' title='bbox 133 2851 196 2890; x_wconf 91' lang='lat' dir='ltr'>hic</span> <span class='ocrx_word' id='word_1_361' title='bbox 224 2854 350 2902; x_wconf 86' lang='lat' dir='ltr'>index,</span> <span class='ocrx_word' id='word_1_362' title='bbox 379 2868 426 2894; x_wconf 87' lang='lat' dir='ltr'>ex</span> <span class='ocrx_word' id='word_1_363' title='bbox 454 2869 501 2895; x_wconf 87' lang='lat' dir='ltr'>eo</span> <span class='ocrx_word' id='word_1_364' title='bbox 526 2856 777 2908; x_wconf 86' lang='lat' dir='ltr'>intelligatur,</span> <span class='ocrx_word' id='word_1_365' title='bbox 802 2857 980 2909; x_wconf 84' lang='lat' dir='ltr'>primurn,</span> <span class='ocrx_word' id='word_1_366' title='bbox 1009 2855 1112 2907; x_wconf 89' lang='lat' dir='ltr'>quod</span> <span class='ocrx_word' id='word_1_367' title='bbox 1132 2856 1172 2893; x_wconf 86' lang='lat' dir='ltr'>in</span> <span class='ocrx_word' id='word_1_368' title='bbox 1199 2855 1284 2906; x_wconf 88' lang='lat' dir='ltr'>ipso</span> <span class='ocrx_word' id='word_1_369' title='bbox 1304 2867 1418 2906; x_wconf 89' lang='lat' dir='ltr'>opere</span> <span class='ocrx_word' id='word_1_370' title='bbox 1437 2854 1584 2892; x_wconf 87' lang='lat' dir='ltr'>Demo-</span> 
     </span>
     <span class='ocr_line' id='line_1_40' title="bbox 133 2914 1587 2970; baseline 0 -19"><span class='ocrx_word' id='word_1_371' title='bbox 133 2914 305 2952; x_wconf 86' lang='lat' dir='ltr'>sthenico</span> <span class='ocrx_word' id='word_1_372' title='bbox 324 2929 426 2969; x_wconf 85' lang='lat' dir='ltr'>saepe</span> <span class='ocrx_word' id='word_1_373' title='bbox 446 2919 559 2970; x_wconf 86' lang='lat' dir='ltr'>positi</span> <span class='ocrx_word' id='word_1_374' title='bbox 575 2919 653 2957; x_wconf 88' lang='lat' dir='ltr'>sint</span> <span class='ocrx_word' id='word_1_375' title='bbox 664 2918 848 2967; x_wconf 83' lang='lat' dir='ltr'>asterisci,</span> <span class='ocrx_word' id='word_1_376' title='bbox 868 2918 918 2957; x_wconf 84' lang='lat' dir='ltr'>ad</span> <span class='ocrx_word' id='word_1_377' title='bbox 932 2918 1038 2956; x_wconf 85' lang='lat' dir='ltr'>illum</span> <span class='ocrx_word' id='word_1_378' title='bbox 1058 2917 1226 2957; x_wconf 83' lang='lat' dir='ltr'>indicem</span> <span class='ocrx_word' id='word_1_379' title='bbox 1244 2916 1485 2967; x_wconf 85' lang='lat' dir='ltr'>ablegantes,</span> <span class='ocrx_word' id='word_1_380' title='bbox 1506 2915 1587 2965; x_wconf 86' lang='lat' dir='ltr'>q-ui-</span> 
     </span>
     <span class='ocr_line' id='line_1_41' title="bbox 133 2976 1584 3031; baseline 0.001 -19"><span class='ocrx_word' id='word_1_381' title='bbox 133 2976 204 3013; x_wconf 86' lang='lat' dir='ltr'>bus</span> <span class='ocrx_word' id='word_1_382' title='bbox 222 2984 348 3015; x_wconf 87' lang='lat' dir='ltr'>tamen</span> <span class='ocrx_word' id='word_1_383' title='bbox 367 2979 420 3017; x_wconf 91' lang='lat' dir='ltr'>nil</span> <span class='ocrx_word' id='word_1_384' title='bbox 439 2980 557 3031; x_wconf 87' lang='lat' dir='ltr'>ipsius</span> <span class='ocrx_word' id='word_1_385' title='bbox 575 2979 713 3019; x_wconf 87' lang='lat' dir='ltr'>indicis</span> <span class='ocrx_word' id='word_1_386' title='bbox 728 2980 957 3030; x_wconf 86' lang='lat' dir='ltr'>respondet;</span> <span class='ocrx_word' id='word_1_387' title='bbox 989 2987 1084 3027; x_wconf 88' lang='lat' dir='ltr'>tum,</span> <span class='ocrx_word' id='word_1_388' title='bbox 1097 2978 1201 3030; x_wconf 86' lang='lat' dir='ltr'>quod</span> <span class='ocrx_word' id='word_1_389' title='bbox 1217 2978 1256 3017; x_wconf 92' lang='lat' dir='ltr'>in</span> <span class='ocrx_word' id='word_1_390' title='bbox 1268 2977 1392 3016; x_wconf 83' lang='lat' dir='ltr'>indice</span> <span class='ocrx_word' id='word_1_391' title='bbox 1407 2977 1584 3027; x_wconf 69' lang='lat' dir='ltr'>repositae</span> 
     </span>
    </p>
   </div>
  </div>
 </body>
</html>
