1824 3171
163 128 227 165 cxl
441 127 513 166 10.
544 128 797 167 TAYLORI
828 128 1068 167 PROLEG.
1100 127 1176 166 AD
1208 127 1347 165 DEM.

166 229 279 266 cienti
306 229 517 268 orationem
549 231 787 277 meditatam,
808 232 929 269 dixit:
961 232 1244 275 erubescerem,
1273 230 1305 266 si
1336 236 1442 266 tanto
1471 229 1617 279 populo

167 291 371 328 consulens
401 292 654 341 extemporali
677 293 848 331 oratione
875 301 1014 330 uterer.
1047 292 1151 330 Plut.
1171 291 1219 328 X.
1237 298 1334 328 orat.
1351 305 1386 327 v.
1407 290 1618 328 Historiam

169 351 355 389 Midianae
378 352 480 390 Plut.
502 353 610 402 polit.
629 366 743 403 praec.
764 367 801 404 p.
818 358 909 393 390.
940 354 989 391 ad
1017 352 1119 390 illam
1149 365 1353 390 causarum
1381 364 1550 402 operam,
1572 350 1621 388 ad

167 426 279 462 quam
307 426 381 462 ego
409 426 603 462 nunquam
623 413 692 450 nisi
721 421 876 464 paratus
898 421 937 452 et
966 413 1172 451 meditatus
1202 413 1364 457 accedo,
1388 413 1621 462 adjungatur

167 473 360 521 haecjuris
381 474 661 524 interpretatio,
682 488 768 524 quae
792 489 869 513 non
898 482 975 513 tam
1002 474 1091 511 mihi
1119 474 1280 511 molesta
1307 474 1356 511 sit
1384 480 1539 523 propter
1566 474 1622 510 la-

170 535 317 578 borem,
333 548 446 585 quam
463 534 566 584 quod
583 535 736 572 dicendi
753 536 1021 586 cogitationem
1038 535 1203 579 auferat,
1219 535 1300 572 sine
1316 547 1391 584 qua
1410 534 1459 571 ad
1479 534 1623 571 nullam

170 599 352 644 majorem
382 609 551 646 unquam
581 610 736 634 causam
765 610 879 636 ausus
907 610 991 636 snm
1021 595 1225 636 accedere.
1269 595 1352 633 Cic.
1374 595 1405 632 I.
1428 595 1476 633 de
1497 594 1624 645 Legg.

172 657 364 707 Hermog.
384 674 424 695 π.
440 656 525 708 μεθ.
546 657 678 696 &wor-

227 718 424 756 Ciceronis
454 718 553 756 sales
589 726 628 756 et
662 719 831 758 dicteria.
890 721 936 758 In
971 719 1029 758 his
1056 719 1177 758 vincit
1206 731 1396 763 romanus,
1437 716 1624 768 gravitate.¹

169 792 331 829 graecus.
388 778 548 821 Quintil.
584 779 657 818 VI.
687 784 723 818 3.
755 781 802 819 Χ.
836 784 869 819 l.
929 782 1068 819 Cicero
1102 781 1216 818 dicax
1255 780 1371 817 etiam
1410 779 1625 816 dicebatur.

174 840 355 878 Macrob.
377 839 458 878 Sat.
480 840 533 878 ΙΙ.
550 845 587 880 3.
609 841 700 878 VII.
722 845 759 880 3.
791 841 944 880 Seneca
965 843 1149 880 Controv.
1171 845 1208 879 8.
1239 841 1273 877 E
1294 841 1431 890 quibus
1452 839 1628 889 (Atticis)

169 909 298 941 tamen
319 914 396 938 non
416 914 548 938 omnes
568 901 699 947 faceti,
721 902 858 953 Lysias
879 903 970 940 satis
984 910 1023 941 et
1046 901 1283 953 Hyperides,
1308 900 1504 937 Demades
1525 913 1622 950 prae·

172 969 231 999 ter
264 969 423 999 caeteros
457 962 593 1008 fertur,
628 962 914 1000 Demosthenes
948 964 1073 1001 minus
1111 963 1289 1000 habetur.
1346 962 1434 1003 Quo
1474 961 1628 1011 quidem

174 1024 265 1060 mihi
285 1023 375 1060 nihil
396 1023 547 1060 videtur
567 1024 764 1061 urbanius.
814 1024 893 1062 Sed
913 1037 990 1062 non
1007 1032 1085 1062 tam
1101 1024 1214 1061 dicax
1233 1023 1318 1068 fuit,
1335 1036 1450 1073 quam
1468 1022 1631 1060 facetus.

177 1085 248 1122 Est
268 1093 396 1122 autem
416 1084 512 1122 illud
532 1084 687 1122 acrioris
705 1084 862 1135 ingenii,
890 1085 965 1123 hoc
994 1085 1146 1134 majoris
1171 1084 1274 1122 artis.
1305 1085 1388 1122 Cic.
1412 1084 1520 1121 Orat.
1565 1084 1632 1120 Di-

178 1147 321 1184 cacitas
342 1146 497 1197 proprie
517 1145 712 1197 significat
739 1159 956 1184 sermonem
988 1160 1076 1184 cum
1101 1146 1178 1183 risu
1197 1145 1345 1196 aliquos
1366 1146 1633 1183 incessentem.

178 1208 276 1246 Ideo
293 1208 596 1246 Demosthenem
614 1208 803 1245 urbanum
818 1207 935 1246 fuisse
945 1208 1272 1253 dicunt,dicacem
1286 1215 1443 1257 negant.
1473 1207 1633 1249 Quintil.

180 1271 271 1308 VII.
291 1275 328 1309 3.
386 1271 490 1308 Bons
511 1270 632 1307 Mots.
654 1270 739 1308 ὄνου
760 1274 858 1308 σκιά.
878 1284 985 1322 prov.
1008 1284 1096 1308 usus
1119 1269 1332 1320 Sophocles
1351 1269 1389 1306 in
1412 1268 1633 1312 Cedalione,

181 1332 433 1382 Aristophan.
467 1332 506 1368 in
537 1331 713 1377 Daedalo,
743 1331 907 1369 Lucian.
937 1332 975 1369 in
1005 1332 1134 1377 sectis,
1165 1331 1372 1369 Demosth.
1399 1330 1437 1367 in
1469 1330 1634 1381 Philipp.

181 1394 402 1431 Menander
430 1393 467 1430 in
488 1392 688 1431 Enchirid.
733 1392 846 1430 Plato
866 1393 901 1430 in
923 1393 1107 1442 Phaedro,
1128 1393 1293 1443 Procop.
1313 1392 1351 1429 in
1370 1392 1536 1441 quadam
1555 1391 1634 1442 epi-

180 1456 291 1499 stola,
328 1454 438 1505 Orig.
463 1454 573 1505 praef.
603 1454 654 1491 ad
682 1454 820 1498 librum
849 1458 886 1493 3.
915 1454 1002 1492 adv.
1042 1454 1212 1493 Celsum.
1270 1453 1500 1492 Aristoteles
1532 1453 1636 1504 apud

185 1517 292 1555 Suid.
315 1516 353 1554 in
383 1516 638 1559 διδασκαλίαις
667 1516 719 1554 ait
747 1516 823 1554 hoc
851 1516 1006 1554 nomine
1035 1516 1207 1554 fabulam
1237 1524 1405 1553 exstare.
1461 1515 1565 1553 Plut.
1586 1514 1638 1553 X.

181 1586 277 1617 orat.
300 1579 448 1616 Zenob.
469 1578 695 1629 Apostolius
716 1578 855 1616 XX.4.
877 1578 984 1616 Suid.
1000 1578 1086 1616 ὄνου
1106 1577 1202 1616 σκιά.
1224 1579 1314 1628 ὑπὲρ
1335 1577 1421 1617 ὄνου
1437 1584 1555 1620 σκιᾶς.
1572 1593 1638 1630 σχ-

185 1640 384 1691 Aristoph.
406 1640 523 1690 Vesp.
548 1643 636 1678 191.
666 1640 826 1690 Apulei.
856 1639 1120 1690 Metamorph.
1149 1639 1173 1677 l.
1195 1642 1233 1678 9.
1255 1647 1442 1677 extremo.
1499 1639 1641 1676 Demo-

183 1702 339 1740 sthenes
357 1701 503 1752 Scytha
522 1707 642 1739 matre
662 1702 827 1739 barbara
842 1708 964 1746 natus,
979 1701 1070 1752 quid
1083 1700 1193 1738 dixit.
1224 1701 1345 1739 Rutil.
1375 1700 1475 1751 Lup.
1496 1700 1542 1737 T.
1561 1700 1638 1737 Tit.

184 1763 330 1802 Mater.
380 1762 572 1801 Timothei
601 1761 760 1800 dictum.
791 1763 896 1801 Bons
917 1763 1037 1801 Mots.
1096 1761 1184 1800 Cum
1204 1762 1377 1799 Demade.
1407 1762 1478 1800 Me
1499 1762 1641 1799 Demo-

183 1825 353 1862 sthenes.
375 1838 437 1862 sus
460 1824 691 1863 Minervam.
749 1825 851 1863 Haec
872 1825 1054 1863 Minerva
1072 1837 1194 1875 nuper
1213 1824 1251 1861 in
1278 1824 1433 1875 Collyto
1458 1824 1497 1860 in
1526 1823 1636 1861 adul-

185 1886 282 1924 terio
304 1886 547 1936 deprehensa
565 1894 636 1924 est.
677 1886 781 1924 Plut.
803 1887 880 1924 Vit.
902 1894 939 1925 et
968 1899 1083 1937 praec.
1103 1886 1178 1936 pol.
1200 1899 1239 1937 p.
1262 1889 1353 1924 390.
1384 1885 1551 1936 Collyto.
1571 1886 1641 1923 Ju-

185 1962 272 1986 ven.
316 1948 404 1985 Cum
426 1949 614 1986 Phocione.
635 1963 671 1986 v.
694 1949 811 1986 Corn.
842 1949 942 1999 Nep.
972 1949 1094 1986 Phoc.
1126 1948 1272 1986 Phocio
1292 1948 1400 1985 short
1419 1947 1497 1985 and
1518 1947 1641 1998 pithy.

186 2010 346 2047 Dictum
365 2010 569 2062 Polyeucti
596 2009 851 2061 (Polyeuctus
880 2011 943 2048 ille
972 2023 1061 2048 cum
1090 2009 1275 2060 Lycurgo
1304 2017 1344 2047 et
1374 2010 1639 2047 Demosthene

185 2070 336 2121 legatus
354 2072 405 2108 ad
424 2071 741 2122 Peloponnesios)
761 2072 939 2122 μέγιστον
960 2071 1220 2122 Δημοσθένην,
1253 2071 1511 2111 δυνατώτατον
1537 2071 1566 2108 δ’
1594 2073 1641 2108 εἰ·

187 2138 271 2171 πεῖν
289 2133 475 2170 Φωκίωνα.
506 2132 608 2170 Plut.
627 2133 665 2170 in
684 2133 805 2171 Phoc.
836 2141 876 2170 et
900 2133 1005 2184 polit.
1031 2146 1148 2184 praec.
1172 2133 1259 2170 NB.
1290 2145 1422 2183 quaere
1441 2145 1532 2169 num
1553 2132 1641 2171 ἓειν.

188 2207 237 2231 an
259 2193 384 2231 δυνατ.
404 2193 713 2245 quotiescunque
742 2202 961 2245 assurgeret
987 2193 1134 2232 Phocio
1163 2193 1348 2238 dicturus,
1377 2192 1472 2230 dixit
1502 2193 1643 2231 Demo-

188 2255 344 2293 sthenes
364 2258 384 2301 ἡ
411 2262 482 2293 τῶν
502 2256 604 2304 ε’·μιῦν
624 2257 750 2303 λόγων
770 2257 877 2298 κοπὶς
897 2257 1109 2292 ἀνίσταται.
1139 2254 1241 2291 Plut.
1271 2254 1309 2291 in
1337 2254 1444 2304 polit.
1465 2267 1582 2304 praec.
1605 2254 1642 2290 in

188 2317 267 2354 vita
288 2317 402 2354 Dcm.
428 2316 466 2353 in
485 2329 520 2353 v.
552 2316 673 2354 Phoc.
705 2317 884 2354 Stobaeus
904 2329 1017 2355 serm.
1046 2318 1111 2357 37.
1131 2330 1169 2367 p.
1190 2318 1281 2355 221.
1314 2316 1567 2355 Demostheni
1587 2316 1643 2354 di-

190 2378 292 2416 centi
313 2378 362 2415 ad
383 2377 631 2422 Phocionem,
654 2378 835 2415 occident
855 2386 894 2416 te
914 2378 1183 2423 Athenienses,
1213 2378 1243 2415 si
1271 2378 1427 2427 quando
1458 2379 1644 2429 coeperint

190 2440 369 2485 insanire,
390 2438 587 2489 respondit
606 2438 767 2484 Phocio‚
785 2447 823 2476 te
843 2453 948 2485 vero,
966 2439 1031 2477 ubi
1047 2439 1095 2476 ad
1116 2452 1245 2476 sanam
1262 2446 1430 2476 mentem
1451 2439 1644 2477 redierint.

187 2502 290 2539 Plut.
312 2502 349 2538 in
370 2501 491 2538 Phoc.
513 2514 551 2550 p.
576 2503 662 2538 184«.
686 2507 724 2538 et
747 2501 1035 2552 Apophthegm.
1056 2514 1094 2550 p.
1131 2504 1218 2539 113.
1251 2501 1389 2537 Annon
1416 2500 1490 2537 hoc
1514 2501 1639 2550 potius

199 2562 397 2607 Demadis,
420 2575 531 2612 quam
556 2562 855 2600 Demosthenis?
888 2577 923 2599 v.
946 2562 1049 2599 Plut.
1072 2561 1214 2599 Moral.
1272 2561 1415 2599 Mulier
1436 2569 1566 2611 parata
1586 2569 1646 2599 est

195 2624 411 2675 depositum
433 2623 596 2663 reddere
618 2631 694 2661 etc.
733 2623 861 2660 Valer.
884 2623 995 2660 Max.
1018 2622 1107 2663 Vll.
1129 2626 1166 2660 3.

250 2686 329 2723 Hic
351 2685 551 2722 desinebat
578 2684 734 2735 Taylori
763 2685 963 2735 diligentia
991 2683 1234 2733 compilandi.
1291 2683 1389 2720 Nam
1421 2683 1494 2720 loci
1514 2697 1535 2720 e
1557 2684 1644 2721 Sto-

189 2748 263 2786 bzei
284 2754 323 2785 ct
342 2746 507 2784 Maximi
528 2753 643 2796 atque
664 2746 819 2783 Antonii
835 2745 1029 2795 florilegiis
1049 2744 1302 2795 transscripti,
1326 2744 1390 2794 qui
1413 2745 1645 2783 Adversarii!

194 2810 413 2861 Taylorana
442 2807 729 2846 demosthenica
757 2808 956 2852 claudunt,
986 2807 1061 2843 huc
1088 2806 1137 2842 nil
1169 2805 1326 2842 faciunt.
1383 2805 1522 2843 Fessus
1541 2807 1647 2856 equi-

193 2872 281 2910 dem
301 2884 383 2910 sum
400 2869 667 2916 describendo,
687 2876 725 2906 et
741 2882 931 2919 nunquam
954 2869 1037 2906 haec
1055 2867 1273 2914 edidissem,
1297 2880 1381 2918 quae
1397 2869 1476 2917 jam
1499 2867 1644 2905 dudum
