1824 3171
484 145 565 186 AD
598 147 757 188 SUUM
789 146 1087 190 DEMOSTH.
1117 152 1406 194 PRAEFATT.
1542 158 1662 196 xxxiii

218 246 298 284 Sed
324 246 388 286 ille
406 247 532 288 valeat
550 264 636 290 cum
665 253 744 291 suis
765 254 918 293 asseclis
947 261 985 293 et
1010 254 1287 300 imitatoribus;
1317 269 1384 294 nos
1409 265 1532 309 coepta
1550 260 1661 300 bonis

213 309 344 347 avibus
363 324 646 364 prosequamur.
704 317 910 368 Ulpianum
937 317 1066 368 igitur,
1087 325 1130 354 ut
1152 317 1242 363 dixi,
1261 318 1465 368 pellegisse
1484 334 1559 358 non
1578 335 1658 372 poe-

213 370 320 408 nitet.
378 373 421 410 In
441 374 522 425 ipso
537 384 664 414 autern
684 378 952 417 Demosthene
978 378 1227 424 conferendo,
1243 379 1345 416 haud
1369 380 1448 417 scio
1467 393 1514 418 an
1532 395 1657 432 operae

210 432 375 481 pretium
394 436 568 474 fecimus.
626 438 725 476 Nam
757 443 990 490 conjecturae
1010 447 1151 477 nostrae
1180 442 1242 477 οὒκ
1261 442 1408 478 ἄσκοπα
1437 443 1655 489 τοξεύουσαι,

212 493 369 540 Aldino,
393 498 542 537 duobus
560 500 828 551 Hervagianis,
846 501 1054 547 Feliciano,
1080 501 1320 547 Manutiano,
1342 502 1554 549 Pannonio,
1576 505 1658 542 Au-

209 564 373 606 gustano
389 560 643 601 Demostheni
662 564 857 611 adhibitae‚
879 567 932 601 καὶ
958 565 1137 615 ἐπίκρισις
1156 565 1231 601 α’πι)
1249 566 1420 614 μεγάλης
1435 570 1654 617 φρονήσεως,

210 620 268 655 καὶ
283 621 475 673 ἐμπειρίας
495 627 743 676 πολυχρονίου
760 628 940 677 γενομένη
955 627 1000 676 (εἰ
1018 628 1076 663 καὶ
1096 630 1351 678 φορτικώτερον
1366 629 1456 664 τοῦτ’
1474 625 1569 666 εἶναι’
1584 644 1657 664 τισι

209 679 299 726 δόξει
312 685 385 720 τῶν
402 682 700 732 βασκαινόντων)
718 686 952 736 interposita,
969 687 1005 723 id
1021 687 1241 737 praestitisse
1260 687 1448 733 videntur,
1462 695 1504 725 ut
1521 696 1656 726 acutus

208 749 248 779 et
274 744 444 782 eruditus
472 746 595 783 lector
623 746 697 783 alia
723 747 963 798 exemplaria,
986 749 1047 786 vel
1075 761 1268 798 expressa,
1298 749 1359 786 vel
1381 751 1653 801 manuscripta,

206 818 284 842 non
303 819 537 858 magnopere
554 808 601 845 sit
619 808 917 847 desideraturus.
974 811 1156 848 Curatum
1178 809 1277 847 enim
1299 817 1357 848 est
1377 810 1591 861 diligenter,
1616 819 1658 850 ut

207 872 246 903 et
260 867 556 918 orthographica
575 877 701 908 errata
715 871 776 908 vel
797 871 939 922 alioqui
960 871 1168 922 depravata
1187 871 1426 917 tollerentur,
1449 879 1487 910 et
1501 873 1658 912 confusa

208 928 547 981 distinguerentur,
576 945 702 983 neque
735 933 958 983 quidquam,
987 933 1089 984 quod
1113 932 1161 970 ad
1193 946 1274 971 rem
1306 934 1528 984 pertineret,
1556 949 1655 986 praea

206 992 495 1032 termitteretur.
551 994 703 1045 Itaque,
732 995 761 1032 si
792 996 883 1046 quid
908 996 1013 1047 apud
1043 1003 1080 1032 te
1107 995 1209 1033 valet
1239 1008 1324 1033 mea
1355 997 1572 1044 auctoritas,
1603 998 1654 1035 mi

207 1053 405 1105 Episcopi,
419 1056 590 1105 sequeris
611 1069 676 1094 eos
694 1057 862 1102 codices,
878 1057 942 1107 qui
961 1070 1077 1095 manu
1096 1070 1182 1094 mea
1201 1058 1391 1095 emendati
1408 1066 1508 1104 sunt,
1525 1067 1564 1097 et
1583 1061 1655 1097 sub

208 1115 372 1154 Calend.
393 1117 551 1154 Januar.
573 1118 623 1154 ad
651 1124 690 1154 te
713 1118 842 1155 missi:
872 1118 1045 1156 omnibus
1074 1127 1203 1156 tamen
1226 1119 1413 1157 asteriscis
1432 1120 1654 1170 repudiatis,

205 1177 269 1227 qui
294 1177 431 1215 librum
452 1178 571 1229 magis
592 1179 820 1224 deformant,
848 1192 960 1230 quam
980 1180 1163 1218 lectorem
1190 1181 1384 1229 adjuvant.
1440 1181 1516 1223 Qui
1540 1182 1572 1219 si
1601 1182 1655 1221 ita

203 1238 364 1289 ignavus
385 1247 443 1277 est
465 1247 503 1277 et
531 1254 675 1286 socors,
697 1248 739 1278 ut
765 1241 1030 1279 annotationes
1059 1248 1207 1279 nostras
1230 1241 1268 1278 in
1287 1241 1381 1279 locis
1402 1244 1586 1294 suspectis
1615 1252 1655 1282 et

202 1300 327 1338 dubiis
350 1302 550 1339 consulere
585 1310 777 1352 gravetur,
808 1316 885 1340 non
916 1303 1118 1348 asteriscis,
1149 1302 1219 1340 sed
1250 1303 1427 1342 obeliscis
1454 1305 1523 1342 erit
1549 1306 1654 1343 exci-¹

200 1363 351 1400 tandus.
411 1364 559 1401 Paucas
576 1371 705 1402 tamen
725 1364 926 1410 clausulas,
948 1378 1033 1415 quae
1054 1378 1104 1402 ex
1127 1366 1356 1414 Augustano
1373 1373 1412 1403 et
1432 1366 1653 1405 Luteciano

200 1425 334 1463 codice
358 1432 615 1472 accesserunt,
642 1427 718 1464 suis
745 1427 836 1464 locis
861 1427 1060 1465 contextui
1081 1427 1194 1465 facile
1222 1428 1368 1465 inseres
1390 1435 1429 1465 et
1449 1428 1590 1467 Graeco
1611 1437 1651 1467 et

200 1487 355 1525 Latino.
413 1489 496 1526 Has
517 1489 616 1526 enim
636 1489 830 1528 converti:
858 1496 1018 1527 eaeteras
1039 1483 1393 1540 varietates*graece
1413 1496 1559 1528 tantum
1580 1504 1650 1529 no-

199 1550 291 1595 tavi,
323 1549 460 1588 alicubi
494 1557 624 1588 tamen
654 1563 814 1589 censura
843 1551 983 1588 addita.
1040 1552 1155 1593 Quod
1185 1551 1215 1589 si
1247 1551 1413 1602 spatium
1437 1559 1476 1589 et
1501 1560 1650 1603 tempus

179 1612 332 1656 ,datum
352 1611 500 1657 fuisset,
532 1612 733 1663 συμπάσας
759 1616 824 1655 τὰς
851 1615 1108 1654 πολυπλόκους
1137 1613 1382 1660 ἀναγνώσεις,
1415 1612 1546 1651 ordine
1569 1627 1652 1652 ora·-

198 1674 344 1711 tionum
363 1673 529 1724 ipsarum
547 1681 590 1711 et
609 1673 849 1712 distinctione
871 1669 1033 1719 servata,
1056 1675 1325 1712 contulissem:
1345 1688 1649 1725 supervacaneas

197 1736 251 1784 (in
275 1735 432 1773 diversis
453 1735 552 1773 enim
573 1735 677 1773 libris
697 1737 844 1774 eaedem
873 1749 977 1787 saepe
1003 1739 1168 1784 exstant>
1187 1736 1458 1774 resecuissem:
1492 1737 1648 1775 retentis

198 1805 347 1839 tantum
366 1805 430 1835 aut
450 1798 687 1844 necessariis,
708 1805 774 1836 aut
793 1811 870 1836 non
891 1798 1046 1836 omnino
1065 1798 1302 1849 respuendis,
1326 1799 1541 1848 cujusmodi
1561 1806 1650 1836 sunt

197 1862 243 1899 τοί
265 1860 462 1911 συνώνυμα
483 1862 539 1898 καὶ
559 1860 863 1911 ἰσοδυναμοῦντα.
920 1860 1036 1897 Nunc
1061 1873 1147 1897 cum
1176 1860 1355 1898 trimestri
1382 1874 1456 1898 non
1487 1860 1648 1911 amplius

198 1923 327 1974 spacio
341 1929 490 1960 tantum
508 1936 616 1973 opuS,
636 1935 713 1960 una
725 1936 813 1960 cum
833 1922 1007 1960 Isocrate
1025 1922 1297 1968 Graecolatino,
1314 1922 1494 1973 proximis
1509 1922 1648 1960 nundi-

196 1986 254 2024 nis
274 1986 391 2031 edito,
419 1985 518 2023 inter
535 1985 654 2023 varias
682 1984 971 2036 occupationeS,
993 1985 1271 2035 perlegendum
1291 1984 1419 2030 fuerit,
1440 1984 1554 2022 malui
1581 1987 1648 2030 τὴν

198 2047 368 2099 κράμβην
388 2047 529 2089 δεκάκις
549 2046 773 2098 παραθεῖναι
793 2049 814 2092 ἢ
832 2047 1016 2098 μηδάπαξ.
1074 2048 1173 2085 Nam
1195 2060 1481 2098 supervacanea
1500 2047 1646 2084 facilius

197 2109 429 2153 auferuntur,
468 2121 582 2158 quam
620 2108 876 2159 praetermissa
914 2109 1151 2159 supplentur.
1208 2110 1269 2145 Ac
1302 2108 1423 2146 varias
1459 2108 1649 2146 lectiones

196 2171 364 2209 omnium
395 2170 602 2207 editionum
633 2169 877 2220 consignatas
906 2170 1040 2215 habes,
1072 2183 1229 2220 quarum
1262 2183 1453 2215 numeros,
1488 2170 1518 2207 si
1545 2170 1647 2208 foliis

192 2231 461 2284 impressiones
477 2232 562 2269 duae
576 2232 855 2269 accommodari
872 2232 1100 2282 nequierint,
1116 2232 1464 2282 praetermittendos
1481 2246 1644 2271 censeo:

193 2296 380 2333 lectorem
403 2294 631 2332 monendum
653 2306 700 2331 ex
719 2293 801 2344 ipsa
821 2293 919 2331 serie
947 2294 1160 2331 orationum
1181 2300 1218 2331 et
1236 2294 1420 2339 locorum,
1442 2308 1519 2344 quo
1538 2309 1644 2345 quae-

195 2371 269 2410 que
285 2365 376 2396 nota
395 2357 602 2408 pertineat,v
613 2355 727 2393 facile
748 2355 996 2406 deprehendi.
1054 2355 1239 2406 Obsopoei
1260 2356 1527 2406 castigationes
1547 2357 1644 2395 inte-

194 2434 278 2471 gras
298 2420 437 2458 excudi
456 2419 597 2469 placet,
617 2417 736 2468 iisque
757 2418 886 2454 ordine
906 2418 1042 2468 subjici
1062 2418 1295 2455 Lutecianas
1317 2426 1355 2455 et
1375 2419 1643 2468 Augustanas:

194 2483 264 2520 nisi
283 2482 383 2520 forte
404 2481 487 2519 istic
506 2482 648 2518 habeas
668 2479 787 2517 virum
809 2480 963 2517 doctum
993 2487 1030 2517 et
1054 2480 1133 2517 acri
1152 2481 1189 2517 in
1211 2480 1357 2517 Graecis
1380 2480 1527 2528 judicio
1547 2494 1643 2530 prae-

192 2545 324 2590 ditum,
354 2543 419 2594 qui
450 2543 488 2580 id
514 2542 667 2587 efficiat,
696 2540 797 2592 quod
824 2554 898 2591 ego
926 2543 1110 2592 temporis
1139 2541 1322 2591 angustiis
1349 2542 1540 2586 exclusus,
1563 2555 1641 2579 non·

190 2607 322 2645 volens
341 2605 582 2657 praetermisi.
619 2605 800 2654 Agnosco
820 2603 919 2640 enim
941 2611 979 2641 et
999 2603 1036 2640 in
1054 2604 1127 2640 hoc
1146 2616 1263 2653 opere
1282 2603 1472 2640 fortunam
1494 2617 1638 2642 meam:

193 2681 278 2719 quae
307 2667 466 2704 subinde
497 2673 563 2703 aut
596 2665 738 2715 aliquid
764 2665 958 2702 turbarum
989 2664 1067 2709 dat,
1088 2664 1206 2701 otium
1231 2664 1411 2714 speranti,
1440 2672 1506 2701 aut
1535 2665 1641 2713 adju-

192 2737 363 2768 mentum
384 2729 438 2766 rei
457 2734 635 2765 accurate
655 2725 903 2764 conficiendae
924 2726 1115 2777 surripuit.
1174 2725 1275 2763 Nam
1305 2725 1479 2775 primum,
1507 2738 1554 2762 nc
1575 2726 1638 2762 diu

193 2799 337 2842 optata,
359 2797 396 2828 et
411 2802 592 2840 perquam
611 2802 706 2826 meae
725 2787 933 2825 valetudini
950 2787 1169 2826 necessaria
1188 2787 1330 2837 quiete,
1350 2800 1491 2836 paucos
1507 2787 1635 2830 hosce,

194 2853 257 2902 qui
277 2859 434 2895 restant,
451 2851 536 2887 vitae
555 2863 652 2887 meae
673 2850 754 2887 dies
773 2850 937 2899 fruerer,
958 2849 1124 2901 oportuit
1141 2848 1343 2886 Luteciam
1364 2861 1462 2884 nunc
1484 2848 1637 2885 demum

194 2927 342 2966 parere,
376 2913 480 2963 quod
509 2913 697 2962 integrum
731 2911 942 2950 zodiacum
974 2924 1159 2949 annorum
1188 2909 1369 2961 parturiit.
1427 2908 1564 2958 Neque
1596 2909 1636 2946 id

249 2988 344 3014 voL.
375 2988 403 3012 1.
933 2988 950 3010 e
