1824 3171
190 167 293 205 clxvi
661 166 872 205 REISKII
903 165 1191 204 PRAEFATIO

186 276 258 307 est.
270 291 321 297 —-
337 268 450 306 Initio
478 268 766 307 annotationum
795 268 846 306 ad
866 268 1073 321 Ulpianum
1095 268 1208 307 Wolf
1230 268 1283 306 ait
1301 281 1340 319 p.
1356 270 1447 306 244.
1465 280 1531 306 eas
1549 280 1573 306 a
1592 280 1636 307 se

185 331 346 382 scriptas
367 344 450 369 esse
470 344 571 369 anno
589 334 704 370 1566.
753 330 833 369 Sed
848 344 934 369 cum
949 331 1096 369 interea
1110 330 1300 381 prodisset
1320 329 1437 368 editio
1452 329 1637 375 Parisina,

185 392 224 429 in
253 405 328 442 qua
356 392 512 443 Ulpiani
539 391 685 430 scholia
716 392 837 429 multo
868 400 958 430 sunt
988 391 1196 442 antiquitus
1227 390 1339 430 editis
1370 390 1638 441 locupletiora,

185 452 270 498 illis,
289 465 374 503 quae
401 452 632 490 reddidisset
650 452 763 490 Wolf
786 452 824 490 in
853 465 923 491 sua
951 452 1132 498 editione,
1162 452 1250 489 ideo
1278 451 1518 490 accessiones
1552 450 1637 488 illas

189 526 320 551 omnes
351 513 528 551 editionis
560 513 739 552 Parisinae
766 514 924 552 seorsim
957 513 1095 551 excudi
1122 512 1268 551 curavit
1300 525 1389 551 cum
1416 512 1535 550 latina
1567 523 1636 550 sua

188 574 516 625 interpretatione.
556 588 580 612 a
616 588 652 626 p.
682 577 773 613 262.
807 574 858 612 ad
889 588 928 625 p.
943 577 1035 612 300.
1092 573 1237 611 Tomus
1252 573 1324 611 VI.
1340 571 1635 623 comprehendit.

188 635 320 673 Wolfii
340 636 575 687 aliorumque
593 636 640 673 ad
657 635 858 674 Demosth.
874 634 1139 674 annotationes
1168 641 1208 673 et
1237 634 1383 686 sylvam
1408 633 1638 671 variantium

188 696 396 734 lectionum
425 697 668 748 indigestam.
740 697 823 735 Fini
859 697 1147 736 annotationum
1176 708 1328 734 suarum
1362 696 1412 734 ad
1445 694 1637 733 orationes

190 757 462 795 Demosthenis
481 765 521 796 et
540 758 734 797 AEschinis
755 758 988 797 adversarias
1016 757 1157 807 adjecit
1177 757 1290 795 Wolf
1313 756 1478 795 schedas
1500 755 1639 793 Serim-

187 819 283 869 geri‚
306 820 354 856 de
374 820 508 870 quibus
538 821 698 871 exponit
726 834 763 871 p.
786 823 876 860 102.
931 821 978 858 In
995 820 1072 857 fine
1101 819 1389 858 annotationum
1417 819 1467 856 ad
1491 825 1637 856 tomum

188 888 364 931 quartum
384 895 420 932 p.
437 884 525 923 137.
543 895 672 933 graeca
691 882 864 920 clausula
878 889 1040 920 testatur
1055 894 1120 919 eas
1140 881 1330 919 absolutas
1351 893 1437 918 esse
1454 880 1504 916 A.
1523 881 1641 922 1569.

189 942 450 992 θαργηλιῶνος
483 952 686 994 μεσοῦντος
721 944 774 993 (h.
796 956 830 981 e.
852 944 1047 993 Augusto)
1076 942 1122 981 P.
1145 945 1233 981 143.
1264 940 1448 992 incipiunt
1464 939 1639 989 Castiga-

189 1003 312 1040 tiones
333 1016 378 1040 ac
399 1003 560 1040 diversae
585 1004 770 1042 lectiones
800 1003 840 1040 in
867 1003 1059 1041 orationes
1080 1001 1354 1041 Demosthenis
1384 1013 1454 1052 per
1474 999 1643 1038 Vincen-

187 1064 280 1101 tium
311 1064 562 1116 Obsopoeum,
584 1065 817 1102 vetustissimi
846 1065 1031 1115 enjusdam
1059 1064 1270 1113 exemplaris
1299 1062 1456 1101 subsidio
1486 1062 1641 1099 collectae

188 1139 257 1162 non
277 1132 418 1162 tantum
438 1127 588 1163 editioni
601 1127 752 1171 Altlime,
773 1139 896 1163 verum
913 1127 1024 1163 etiam
1039 1125 1254 1170 Basileensi,
1275 1137 1350 1174 quae
1366 1130 1548 1172 postrema
1569 1128 1637 1168 est,

188 1199 256 1223 non
276 1186 349 1223 sine
365 1186 503 1238 fimeta
532 1188 746 1225 adhibendae.
773 1200 855 1223 num
875 1187 912 1224 in
940 1193 1083 1232 neutra,
1104 1199 1180 1235 quae
1198 1187 1254 1223 hic
1275 1185 1518 1234 emendantur,
1546 1189 1642 1221 recte

189 1247 330 1286 habent.
388 1248 466 1285 Hic
486 1255 544 1286 est
567 1248 696 1286 titulus
728 1247 915 1299 opusculi,
938 1247 986 1285 de
1013 1260 1089 1298 quo
1104 1250 1184 1295 jam
1206 1247 1351 1284 dudum
1369 1246 1499 1284 dicere
1520 1244 1641 1283 debu-

187 1308 314 1354 issem,
336 1309 406 1346 nisi
425 1309 540 1348 satius
570 1309 766 1347 duxissem
794 1309 992 1347 historiam
1020 1309 1230 1346 editionum
1262 1307 1534 1345 Demosthenis
1563 1319 1642 1344 non

186 1370 426 1422 interrumpi.
482 1371 632 1409 Prodiit
651 1370 724 1409 hoc
744 1371 969 1421 opusculum
984 1369 1148 1407 Basileae
1166 1369 1332 1420 primum
1352 1368 1391 1405 in
1419 1375 1555 1418 quarto
1573 1367 1643 1405 mi·-

189 1432 292 1469 nimo
317 1444 416 1468 anno
438 1435 554 1470 1533.
584 1431 760 1482 Triginta
778 1444 891 1482 paene
911 1431 1018 1469 annis
1036 1437 1122 1481 post
1142 1430 1244 1468 idem
1256 1429 1371 1467 Wolf
1385 1428 1642 1479 editionilsuae

191 1492 462 1530 Demosthenis
478 1492 636 1530 inseruit
655 1505 742 1529 cum
758 1492 886 1542 aliqua
911 1492 1137 1529 accessione
1158 1504 1239 1530 sua.
1297 1490 1514 1541 Obsopoeus
1541 1489 1643 1527 enim

190 1566 276 1590 cum
296 1554 467 1591 libellum
488 1567 599 1592 suum
615 1552 856 1604 Hieronymo
875 1553 1209 1603 Baumgartnero*
1230 1551 1392 1603 patricio
1411 1564 1457 1589 ac
1475 1549 1644 1589 senatori

192 1615 495 1665 Norinbergensi
525 1615 738 1661 obtulisset,
760 1614 876 1651 Wolf
897 1621 1092 1651 renovatae
1125 1613 1284 1651 editioni
1316 1613 1430 1663 hujus
1470 1611 1644 1663 epistolae

191 1676 452 1722 dedicatoria),
479 1676 592 1714 aliam
622 1689 729 1714 suam
749 1676 800 1713 ad
817 1675 924 1713 istius
949 1675 1181 1726 Hieronymi
1201 1673 1491 1724 Paumgartneri
1510 1672 1642 1719 filium,

190 1738 286 1788 patri
325 1738 607 1788 cognominem,
644 1737 853 1775 Consulem
884 1727 1225 1786 Noribergensem,
1259 1734 1413 1783 adjecit.
1491 1735 1535 1772 In
1566 1734 1643 1773 hoc

192 1799 374 1849 opusculo
392 1798 610 1850 Obsopoeus
639 1799 744 1836 locos
763 1811 840 1836 non
858 1811 1003 1850 paucos
1025 1797 1296 1836 Demosthenis
1313 1795 1446 1834 Aldini
1466 1809 1487 1833 e
1508 1796 1643 1834 codice

191 1859 464 1911 manuscripto,
485 1859 548 1910 qui
569 1859 607 1896 in
633 1872 767 1897 manus
793 1863 874 1907 ejus
899 1866 1057 1897 venerat
1088 1871 1110 1896 e
1131 1857 1341 1902 Pannonia,
1370 1856 1547 1902 correxit,
1576 1864 1643 1894 aut

192 1920 315 1958 saltim
335 1921 455 1958 varias
484 1922 567 1971 ejus
597 1921 783 1958 lectiones
815 1920 1036 1971 expromsit.
1094 1921 1223 1962 Quare
1244 1918 1509 1956 Pannonicum
1538 1917 1643 1956 hunc

191 1982 367 2020 codicem
387 1983 494 2020 soleo
514 1982 710 2033 appellare
731 1981 781 2019 ad
801 1981 1018 2032 exemplum
1035 1981 1179 2019 Wolfii.
1200 1979 1266 2031 qui
1290 1979 1414 2016 codex
1433 1991 1507 2030 quo
1528 1978 1644 2016 deve-

192 2043 290 2081 nerit
310 2043 412 2081 haud
432 2050 595 2080 constat.
653 2043 745 2080 Non
763 2042 835 2079 fuit
863 2042 926 2080 ille
953 2042 1109 2093 quidem
1135 2040 1289 2092 optimae
1315 2046 1428 2077 notae.
1451 2039 1570 2079 habet
1589 2045 1645 2078 ta-

191 2118 281 2143 men
299 2105 491 2143 interdum
511 2104 701 2143 lectiones
721 2117 799 2141 non
820 2103 1140 2142 contemnendas.

247 2166 323 2204 Sed
343 2167 461 2204 redeo
478 2167 529 2204 ad
548 2180 643 2217 opus
663 2165 911 2203 Wolfianum.
969 2165 1094 2202 Erunt
1120 2164 1201 2202 sine
1222 2162 1340 2201 dubio
1362 2162 1425 2213 qui
1444 2160 1643 2208 mirentur,

194 2242 282 2266 cum
302 2228 400 2265 inter
431 2235 596 2278 quatuor
625 2226 794 2271 codices,
826 2239 848 2264 e
874 2226 1012 2276 quibus
1044 2233 1237 2275 excerptae
1263 2223 1438 2261 dicuntur
1456 2223 1570 2260 variae
1590 2223 1646 2261 le-

193 2289 340 2327 ctiones
362 2303 398 2339 p.
418 2291 604 2327 138-14-2.
625 2287 774 2338 positae,
796 2287 1054 2324 Felicianeam
1073 2286 1343 2330 nominassem,
1365 2296 1495 2322 rursus
1517 2291 1647 2322 tamen

193 2364 233 2401 p.
253 2352 341 2390 137.
374 2357 578 2387 occurrant
605 2349 809 2386 varietates
841 2360 862 2384 e
894 2347 1125 2385 Felicianea.
1182 2347 1347 2384 Causam
1373 2345 1428 2383 rei
1459 2345 1594 2397 accipe
1622 2358 1646 2384 a

194 2410 300 2448 brevi
332 2410 462 2448 Wolfii
492 2411 567 2448 hac
598 2409 846 2460 praefatione:
878 2408 969 2446 Post
1001 2408 1244 2446 immaturum
1277 2406 1423 2444 obitum
1455 2406 1647 2458 Bolgangi

196 2472 427 2523 Empacheri
462 2470 671 2509 Tirolensis
690 2469 955 2508 —Clauditur
986 2470 1061 2508 hoc
1096 2477 1322 2519 excerptum
1360 2468 1434 2506 hac
1473 2468 1647 2506 clausula

196 2535 328 2584 Atque
349 2534 433 2571 haec
455 2546 502 2571 ex
531 2532 842 2570 annotationibus
861 2531 956 2570 meis
982 2531 1020 2568 in
1041 2531 1276 2569 Felicianum
1308 2529 1482 2568 codicem
1514 2528 1646 2567 confe-

195 2595 267 2633 ctis
287 2602 377 2632 ante
394 2607 512 2632 annos
528 2597 591 2632 22.
613 2597 636 2632 3
660 2593 790 2630 Nonas
808 2592 1017 2630 Decembr.
1036 2595 1151 2631 1569.
1209 2591 1365 2641 Ergone
1386 2602 1462 2627 non
1476 2595 1565 2627 sunt
1583 2589 1646 2626 hee

195 2669 311 2694 merae
327 2656 440 2693 variae
457 2655 655 2700 lectiones,
674 2668 695 2691 e
717 2654 944 2699 Felicianea‚
960 2653 1027 2690 sed
1043 2651 1264 2690 intermistae
1281 2662 1433 2701 quoque
1445 2649 1649 2687 suntNVol-

195 2718 234 2755 fii
249 2719 482 2768 conjecturae
495 2717 513 2753 P
545 2715 809 2754 Examinetur.
830 2714 1045 2765 Insequitur
1065 2713 1206 2764 duplex
1220 2710 1393 2750 accessio
1407 2723 1457 2748 ex
1478 2709 1645 2748 editione

239 2820 257 2838 ⁴⁸
281 2819 434 2854 Viderint,
451 2817 562 2858 quibus
583 2817 704 2848 familiae
720 2818 856 2856 patriciae
880 2815 1175 2855 Norinbergensium
1197 2812 1345 2848 notiores,
1361 2822 1448 2851 quam
1467 2811 1552 2848 mihi,
1568 2815 1650 2847 sunt,

197 2882 265 2901 imm
282 2875 367 2909 patei·
384 2871 431 2899 hic
444 2870 484 2900 sit
498 2870 579 2899 illius
597 2870 643 2899 Io.
661 2869 787 2908 Georgii
806 2867 1050 2911 Baumgartueri,
1067 2866 1116 2898 cui
1132 2867 1278 2898 Erasmus
1296 2864 1523 2895 Roterodamus
1537 2861 1648 2893 editio-

198 2933 266 2954 ιιι-ω
282 2921 515 2961 llerwagianam
529 2921 654 2962 primam
671 2920 839 2961 inscripsit.
