1824 3171
464 166 551 204 'AD
585 166 745 204 SUUM
775 165 1074 204 DEMOSTH.
1106 166 1300 204 DEDIC.
1495 168 1615 206 lxxvii

153 273 217 312 vel
243 271 321 310 ullo
341 269 391 308 ad
409 269 511 306 hanc
537 281 618 306 rem
647 275 716 306 aut
742 281 813 306 usu
840 276 907 306 aut
928 267 1087 306 consilio
1116 268 1231 318 paulo
1255 267 1487 316 instructior,
1507 274 1614 319 cujus

155 335 219 372 Tu
237 333 354 371 fidem
381 343 459 368 non
486 330 710 381 implorasti.
769 330 972 368 Postremo
1000 330 1039 366 in
1059 329 1225 379 quodam
1256 329 1459 379 colloquio,
1487 336 1612 380 cujus-

152 395 257 434 modi
283 391 563 431 consuetudine
591 405 654 430 me
682 392 872 429 honorare
902 392 1016 437 soles,
1048 404 1138 429 cum
1165 390 1213 427 de
1234 390 1440 427 MStorum
1471 405 1542 429 usu
1573 401 1614 430 et.

152 454 372 508 praestantia
391 466 518 491 sermo
537 453 638 491 inter
660 467 730 491 nos
750 453 973 498 haberetur,
993 460 1114 503 atque
1134 451 1171 488 in
1202 451 1437 489 mentionem
1468 453 1614 490 incide·

153 529 282 556 remus
303 522 542 553 vetustorum
571 515 863 566 exemplarium,
884 528 970 566 quae
996 514 1034 551 in
1057 513 1348 551 instructissima
1375 514 1618 552 Bibliotheca

153 580 340 617 VIENNAE
362 579 637 616 AUSTRIACAE
671 578 936 623 adservantur,
962 576 1097 627 (idque
1117 576 1273 613 memini
1299 588 1360 613 me
1380 576 1522 613 secisse
1549 576 1618 613 do-

154 641 248 679 lenti
266 641 390 692 potius
411 640 585 686 similem,
610 639 711 692 quod
737 648 894 691 propter
914 639 975 677 vel
1003 638 1148 676 itineris
1167 638 1459 688 longitudinem,
1480 639 1542 676 vel
1561 639 1618 675 rei

153 704 273 756 ipsius
307 703 583 748 difficultatem,
617 710 836 741 nostrorum
867 701 1064 739 hominum
1093 700 1331 751 paucissimis
1365 713 1497 737 eorum
1528 713 1619 738 usus

156 765 291 816 aliquis
311 763 569 814 contingeret,
598 777 713 815 quam
744 763 905 815 optanti,
925 775 1053 813 neque
1074 762 1328 812 exspectanti,
1349 762 1445 807 fore,
1467 769 1510 798 ut
1528 761 1620 799 mihi

153 827 360 878 aliquando
390 827 650 877 contingeret)
678 827 738 864 Tu
757 826 932 878 protinus
956 838 1015 871 ea,
1039 837 1116 874 qua
1146 824 1282 862 merito
1302 837 1385 861 eras
1414 824 1518 874 apud
1538 835 1618 862 AU-

157 901 466 929 GUSTISSIMAM
490 901 843 927 IMPERATRICEM
867 887 1000 939 gratia,
1022 886 1175 932 curasti,
1197 892 1240 923 ut
1266 885 1356 923 mihi
1376 885 1622 937 necopinanti

157 953 452 1003 depromeretur
472 952 671 1002 exemplar
691 959 730 989 et
758 958 874 989 aetate
904 957 943 988 et
970 949 1189 987 sinceritate
1215 948 1545 999 spectatissimum,
1568 955 1623 986 at<

157 1027 235 1067 que
255 1014 306 1052 ad
325 1014 490 1052 nitorem
511 1014 587 1052 Tui
611 1015 674 1052 DE
683 1025 930 1051 MosTHENIS
951 1012 1157 1050 accederet
1176 1010 1285 1062 quasi
1305 1010 1494 1055 cumquS,
1516 1009 1622 1047 istius

161 1077 396 1114 membranae
416 1076 592 1121 varietas,
627 1088 785 1120 summa,
816 1088 929 1125 quam
956 1074 1046 1120 vidi,
1068 1081 1108 1111 et
1135 1086 1287 1110 morosa
1313 1072 1512 1123 diligentia
1532 1084 1623 1110 exa-

157 1138 330 1177 ctissime
347 1138 549 1188 descripta.
608 1137 671 1175 Ita
689 1151 751 1175 res
771 1137 956 1174 maximas
973 1135 1136 1186 imperii,
1159 1143 1198 1173 et
1218 1135 1460 1185 gravissimas
1481 1143 1622 1172 nostrae

157 1200 253 1251 reip.
275 1212 386 1237 curas
405 1212 493 1237 cum
508 1200 706 1237 literarum
720 1199 884 1237 fortunis
900 1197 1146 1249 temperast13
1173 1204 1290 1247 atque
1311 1210 1356 1235 ea
1375 1197 1513 1243 studia,
1533 1210 1622 1247 quae

157 1275 228 1314 per
243 1262 361 1300 hosce
382 1262 526 1312 aliquot
546 1275 666 1300 annos
686 1275 835 1300 summa
855 1274 944 1299 cum
961 1259 1208 1298 inclementia
1226 1259 1400 1296 nonnulli
1420 1272 1469 1296 ne
1484 1259 1521 1296 in
1543 1259 1622 1296 otio

156 1323 314 1376 quidem
335 1324 525 1375 patienter
543 1324 746 1376 adspicere
762 1323 952 1369 solebant,
984 1322 1045 1359 Tu
1064 1322 1212 1359 interea
1230 1322 1268 1358 in
1287 1321 1464 1358 maximis
1485 1320 1625 1358 muniis

157 1386 516 1438 exercitatissimus,
533 1400 611 1426 non
631 1386 754 1424 solum
769 1385 975 1436 diligenter
996 1383 1189 1429 excolere,
1204 1395 1338 1423 verum
1352 1382 1468 1421 etiam
1484 1382 1624 1420 utiliter

158 1463 376 1503 propagare
395 1452 564 1502 potuisti.

214 1515 377 1553 Scilicet
403 1527 426 1552 a
447 1515 505 1553 Te
527 1523 705 1566 ereptum
733 1514 777 1552 iri
804 1512 901 1552 illud
929 1511 1096 1559 noluisti,
1118 1512 1224 1563 quod
1244 1519 1302 1550 est
1321 1511 1360 1549 in
1379 1511 1451 1549 isto
1470 1508 1625 1562 fastigio

160 1576 358 1628 diguitatis
386 1589 487 1627 pene
517 1577 859 1628 exoptatissimum.
917 1574 1086 1613 Noluisti
1117 1581 1264 1612 tantum
1293 1574 1395 1625 apud
1415 1574 1474 1611 Te
1498 1573 1626 1611 valere

159 1640 430 1679 auctoritatem
457 1639 637 1677 diuturno
669 1653 740 1677 usu
768 1638 1047 1683 confirmatam,
1084 1644 1128 1674 ut
1158 1650 1236 1674 non
1268 1636 1308 1673 in
1340 1634 1626 1674 commovendis

160 1703 420 1743 studiosorum
441 1701 618 1753 ingeniis,
643 1709 682 1740 et
699 1708 946 1753 posterorum
961 1700 1073 1738 simul
1092 1699 1190 1744 usui,
1212 1699 1385 1749 Tuaeque
1406 1697 1628 1736 consuleres

165 1764 454 1804 immortalitati.
511 1764 615 1802 Nam
637 1764 693 1801 uti
709 1763 856 1801 nullum
878 1770 937 1801 est
955 1775 1099 1813 magno
1120 1761 1199 1799 viro
1218 1759 1402 1812 impendii
1423 1772 1545 1811 genus
1572 1758 1629 1796 di-

163 1829 290 1882 gnius,
310 1828 458 1866 nullum
478 1827 813 1878 honorificentius,
833 1839 948 1877 quam
968 1824 1073 1875 quod
1093 1830 1270 1874 erogatur
1282 1824 1321 1860 in
1337 1829 1522 1874 posteros,
1545 1834 1628 1858 eas-

163 1904 240 1943 que
268 1891 423 1928 arbores
454 1902 671 1934 conserere,
702 1903 789 1941 quae
819 1895 858 1926 et
888 1887 999 1926 alteri
1028 1886 1134 1924 aetati
1164 1893 1254 1923 sunt
1286 1884 1521 1936 profuturae:
1574 1882 1632 1919 ita

162 1954 271 1992 nulla
289 1961 348 1991 est
367 1952 548 1990 sincerior
575 1951 674 1990 ratio
706 1950 828 1988 laudis
854 1957 970 2000 atque
1000 1947 1230 1993 honestatis,
1261 1960 1375 1998 quam
1404 1943 1630 1996 praedicatio

163 2028 298 2054 eorum
315 2014 478 2060 virtutis,
503 2013 569 2064 qui
589 2013 816 2051 cultissimas
836 2011 1055 2063 disciplinas
1084 2010 1187 2061 apud
1215 2015 1447 2047 retroactam
1474 2014 1631 2045 aetatem

164 2077 228 2116 vel
254 2076 524 2114 excitaverunt
541 2075 753 2121 beneficiis,
773 2075 836 2112 vel
856 2074 1038 2125 exemplo
1055 2072 1340 2121 confirmarunt,
1360 2070 1420 2108 vel
1445 2082 1632 2120 propaga-

165 2146 256 2177 runt
275 2138 443 2189 denique
473 2137 633 2175 consilio
663 2144 702 2175 et
730 2136 949 2188 prudentia.
1008 2134 1162 2173 Curasti
1192 2133 1319 2183 igitur,
1339 2139 1383 2169 ut
1405 2131 1462 2169 Te
1488 2131 1543 2168 ita
1562 2144 1631 2182 po·

164 2201 317 2241 steritas
335 2200 509 2245 sentiret,
523 2199 580 2237 uti
599 2212 669 2237 nos
687 2199 803 2237 hodie
823 2211 899 2235 non
918 2197 990 2236 nisi
1011 2197 1060 2235 de
1076 2195 1227 2247 optimis
1242 2194 1439 2233 sentimus.
1480 2193 1632 2230 Eadem

168 2265 234 2303 illa
254 2271 360 2309 aetas,
381 2276 466 2313 quae
486 2269 648 2300 caeteras
668 2274 730 2299 res
751 2261 928 2300 deterere
949 2267 1016 2297 aut
1036 2260 1202 2297 obruere
1223 2258 1337 2307 solet,
1365 2255 1459 2293 Tuis
1480 2268 1631 2306 semper

167 2327 315 2378 aliquid
343 2325 519 2364 additura
553 2331 611 2362 est
644 2323 834 2370 laudibus,
866 2335 1056 2373 suumque
1086 2320 1309 2370 suffragium
1339 2319 1521 2369 adponet,
1554 2330 1633 2354 non

170 2390 261 2428 huic
280 2395 429 2426 tantum
449 2386 611 2424 orationi
631 2393 786 2432 nostrae,
808 2398 938 2424 vemm
958 2384 1003 2421 iis
1023 2383 1153 2428 etiam,
1172 2394 1272 2432 quae,
1293 2381 1422 2419 nescio
1441 2393 1489 2417 an
1509 2379 1633 2430 magis

169 2451 327 2505 pudoris
348 2450 382 2488 T
385 2450 423 2486 ui
442 2448 681 2487 conscientia
699 2455 907 2499 permotus,
921 2460 970 2485 an
989 2445 1185 2484 tenuitatis
1200 2443 1345 2495 ingenii
1360 2442 1492 2488 nostri,
1507 2442 1632 2480 sentio

170 2522 334 2558 tantum,
355 2511 482 2562 eloqui
500 2524 579 2549 non
595 2510 773 2548 audeam.

222 2576 364 2625 Neque
385 2573 433 2611 ab
460 2572 505 2610 iis
533 2585 639 2617 sane,
660 2572 724 2623 qui
751 2572 956 2623 negligunt
987 2584 1140 2609 omnem
1164 2570 1263 2608 hanc
1289 2569 1478 2608 rationem
1507 2567 1632 2606 erudi-

169 2637 284 2677 tionis
313 2644 429 2686 atque
458 2634 699 2685 ingeniorum
726 2634 1055 2679 exercitationem,
1077 2647 1168 2671 vere
1194 2633 1289 2670 illud
1316 2632 1468 2677 dicitur,
1495 2643 1631 2682 parum

171 2701 222 2740 ad
240 2700 357 2737 vitam
377 2704 494 2747 atque
524 2697 575 2734 ad
604 2709 724 2747 remp.
747 2696 950 2748 proficere,
971 2695 1196 2733 cultissimas
1215 2694 1319 2739 licet,
1340 2694 1573 2744 disciplinas,
1595 2692 1632 2728 in

171 2763 311 2814 quibus
331 2759 506 2799 omnibus
521 2758 694 2797 remissio
715 2759 890 2810 quaedam
914 2758 1128 2796 animorum
1150 2764 1189 2794 et
1207 2756 1374 2794 liberalis
1389 2754 1632 2793 solummodo

174 2823 381 2863 oblectatio
401 2821 606 2872 quaeritur3
625 2834 750 2872 neque
770 2835 840 2872 par
869 2834 966 2865 esse,
987 2827 1030 2858 ut
1051 2833 1098 2858 ea
1123 2819 1260 2863 studia,
1282 2832 1368 2869 quae
1395 2817 1633 2868 politioribus

172 2885 212 2926 in
239 2884 395 2928 artibus,
418 2890 534 2933 atque
554 2882 591 2919 in
619 2883 785 2934 quadam
806 2882 1000 2933 elegantia
1024 2882 1220 2919 literarum
1241 2888 1455 2923 versantur,
1476 2886 1543 2916 aut
1566 2890 1634 2914 no-

173 2956 294 2988 strum
315 2946 433 2987 otium
454 2946 492 2983 in
510 2946 554 2983 iis
575 2945 808 2992 excolendis,
830 2952 895 2984 aut
917 2953 1086 2983 vestrum
1116 2944 1286 2982 favorem
1314 2943 1351 2979 in
1382 2939 1634 2992 prorogandis
