1824 3171
621 174 704 212 AD
735 173 1201 212 DEMOSTHENEM.
1529 187 1635 214 cxxv

173 284 479 332 propugnatores
507 275 599 327 reip.
620 276 712 314 satis
741 276 946 314 manifesto
975 275 1094 314 docet
1121 281 1400 326 praeceptorem
1434 279 1518 324 ejus
1548 277 1637 315 Pla-

173 349 303 380 tonem
322 339 463 377 fuisse?
503 337 664 380 Quintil.
688 341 749 376 1⁶2.
774 342 836 376 10.
878 338 1167 375 Demosthenes
1197 337 1234 373 in
1262 336 1459 387 Epistolis.
1519 338 1637 388 Equi-

175 403 264 440 dem
297 409 336 439 et
371 400 572 437 Platonem
602 399 795 445 existimo,
825 399 856 436 si
891 412 1010 449 genus
1043 398 1081 436 iu
1110 397 1267 436 dicendi
1300 397 1453 435 forense
1470 405 1637 436 tractare

172 462 364 505 voluisset,
386 461 608 511 gravissime
637 468 677 498 et
697 460 959 511 copiosissime
982 460 1153 511 potuisse
1174 459 1321 505 dicere,
1349 467 1388 497 et
1407 459 1639 496 Demosthe-

172 537 272 569 nem,
294 523 324 561 si
348 523 425 569 illa,
455 536 541 574 quae
561 536 584 560 a
604 523 767 560 Platone
789 522 988 568 didicerat,
1017 522 1219 567 tenuisset,
1240 528 1281 560 et
1300 520 1551 573 pronuntiare
1571 534 1638 558 vo-

171 585 315 630 luisset,
337 591 469 622 ornate
488 583 769 635 splendideque
790 583 922 621 facere
948 583 1132 634 potuisse.
1189 582 1420 632 Eodemque
1449 581 1567 619 modo
1588 582 1638 619 de

172 645 385 684 Aristotele
405 653 445 683 et
461 646 633 683 Isocrate
646 645 792 694 judico,
808 658 970 695 quorum
992 652 1157 696 uterque
1177 657 1248 682 suo
1268 643 1393 682 studio
1410 642 1636 689 delectatus,

169 708 400 759 contempsit
432 708 606 747 alterum.
679 707 821 745 Cicero
853 707 902 745 de
932 707 1044 745 Offic.
1117 706 1353 745 Eubulidem
1388 705 1634 743 dialecticum

172 769 313 808 audivit
340 770 640 808 Demosthenes.
686 769 800 808 Phot.
832 769 919 807 cod.
946 772 1039 809 265.
1082 769 1263 807 Laertius
1292 768 1331 805 in
1362 767 1541 812 Euclide,
1573 767 1639 805 ubi

169 844 301 869 versus
322 832 461 870 comici
482 832 532 870 de
549 831 833 870 Demosthene.
880 831 969 869 Ἐπὶ
988 835 1101 883 τούτῳ
1123 831 1162 868 δὲ
1184 830 1288 883 [scil.
1315 842 1434 881 pravo
1455 829 1638 879 accentu]

170 894 355 937 πολλάκις
382 893 603 945 ἐθορυβήθη,
635 893 835 945 σχολάσας
865 893 898 930 δ’
922 893 1153 947 Εὐβουλίδῃ,
1185 895 1234 944 τῷ
1266 892 1478 943 διαλεκτικῷ
1511 891 1638 938 Mau]-

171 957 253 1006 σίῳ,
282 955 578 1005 ἐπανωρὲώσατο
607 956 744 994 πάντα.
803 955 1003 993 Plutarch.
1042 955 1080 992 in
1115 954 1194 993 Vit.
1216 954 1267 992 X.
1294 960 1434 992 orator.
1492 953 1640 991 Demo-

170 1017 348 1055 sthenem
369 1031 471 1064 vero,
487 1017 704 1068 primarium
725 1017 763 1054 in
782 1017 951 1056 dicendo
972 1018 1174 1062 artificem,
1189 1016 1273 1068 quis
1294 1023 1352 1054 est
1368 1015 1432 1066 qui
1452 1028 1529 1053 non
1544 1015 1639 1053 sciat

169 1091 324 1130 semper
344 1086 433 1117 ante
461 1079 677 1130 speculum,
701 1079 810 1128 quasi
829 1092 965 1117 causas
985 1078 1247 1116 meditatum?
1305 1078 1364 1115 Ita
1383 1077 1447 1114 ille
1466 1090 1638 1115 summus

168 1147 312 1185 orator,
335 1154 422 1178 cum
444 1153 467 1178 a
488 1140 653 1177 Platone
674 1139 904 1190 philosopho
933 1140 1159 1178 facundiam
1186 1138 1390 1189 hausisset,
1421 1139 1469 1176 ab
1505 1138 1638 1175 Eubu-

167 1201 247 1239 lide
268 1202 475 1241 dialectico
495 1201 848 1251 argumentationes
869 1201 1078 1247 didicisset,
1098 1200 1344 1238 novissimam
1363 1200 1638 1251 pronuntiandi

151 1265 461 1315 ’congruentiam
479 1265 527 1302 ab
548 1264 706 1315 speculo
726 1263 877 1315 petivit.
921 1263 1079 1315 Apulei.
1100 1263 1271 1315 Apolog.
1293 1276 1330 1313 p.
1362 1265 1455 1301 425.
1515 1261 1639 1299 Audi-

167 1326 221 1364 vit
243 1326 359 1365 etiam
380 1327 641 1372 Aristotelem,
664 1326 989 1377 Theophrastum,
1008 1326 1267 1365 Xenocratem
1286 1324 1450 1363 Lucian.
1468 1324 1634 1364 Encom.

169 1387 288 1427 Dem.
345 1390 402 1426 At
430 1388 484 1426 illi
522 1388 687 1441 [primus
722 1395 761 1426 et
794 1388 970 1441 ultimus]
1004 1394 1119 1426 aetate
1152 1387 1235 1425 fere
1264 1399 1461 1438 suppares
1506 1387 1637 1424 Theo-

167 1451 344 1502 phrastus
363 1451 461 1489 forte
481 1451 622 1500 junior.
681 1450 798 1489 Unde
820 1458 934 1489 enata
963 1450 1131 1501 suspicio
1150 1463 1228 1488 non
1252 1449 1361 1495 levis,
1383 1462 1472 1487 eum
1497 1449 1638 1487 librum

169 1525 247 1550 non
277 1526 361 1552 esse
378 1513 514 1551 foetum
542 1512 709 1550 Luciani
738 1512 960 1562 genuinum.
1018 1512 1121 1550 Nam
1143 1512 1388 1549 Xenocrates
1418 1510 1636 1562 Speusippo

169 1575 329 1627 Olymp.
352 1575 438 1615 CX.
459 1579 498 1615 2.
519 1583 559 1614 et
580 1575 869 1627 Theophrastus
899 1575 1097 1613 Aristoteli
1127 1574 1286 1627 Olymp.
1312 1573 1459 1613 CXIV.
1482 1577 1520 1613 3.
1549 1587 1636 1612 suc-

170 1638 298 1677 cessit.

223 1702 287 1738 10.
317 1699 559 1738 Callistratus
588 1706 628 1737 et
657 1712 774 1737 causa
809 1698 857 1737 de
893 1699 1041 1750 Oropo.
1111 1698 1352 1737 Callistratus
1386 1696 1636 1749 Aphidnaeus.

167 1759 275 1801 Edit.
294 1761 413 1799 Dem.
429 1761 476 1800 T.
494 1761 568 1800 III.
586 1774 622 1812 p.
638 1762 731 1803 578.
753 1761 862 1812 [edit.
879 1768 1021 1798 nostrae
1037 1760 1146 1812 Lips.
1163 1764 1256 1799 301.
1276 1763 1338 1799 18.
1354 1766 1421 1798 aut
1434 1763 1528 1799 436.
1548 1758 1635 1811 13.]

168 1822 366 1862 Plutarch.
387 1823 552 1861 Pausan.
581 1822 621 1860 in
648 1823 803 1869 Atticis,
825 1823 878 1860 A.
904 1822 1056 1861 Gellius
1078 1823 1156 1861 III.
1180 1826 1242 1861 13.
1263 1829 1303 1860 et
1325 1825 1389 1861 15.
1446 1821 1638 1874 Ulpianus

165 1884 218 1924 ad
234 1885 404 1923 Timocr.
425 1899 463 1923 n.
479 1888 572 1924 213.
602 1885 666 1923 ed.
685 1884 805 1923 Paris.
823 1885 942 1923 Dem.
963 1885 1012 1923 de
1031 1885 1199 1923 Corona.
1256 1884 1474 1922 AEschines.
1504 1883 1640 1922 Xeno-

165 1947 288 1998 phon.
310 1946 467 1985 Cornel.
484 1946 619 1998 Nepos
640 1946 783 1986 XV.6.
816 1946 955 1985 Suidas
983 1946 1147 1998 Ὠρωπία
1176 1951 1295 1999 χώρα.
1336 1945 1503 1984 Lucian.
1547 1945 1637 1983 Nos

168 2009 221 2047 ad
250 2008 479 2047 Midianam.
509 2008 661 2046 Gellius
684 2008 762 2046 III.
786 2012 847 2048 13.
872 2012 934 2048 15.
966 2009 1016 2047 de
1047 2008 1267 2047 Callistrato
1296 2014 1334 2046 et
1362 2008 1637 2046 Demosthene

167 2070 421 2109 Academiam
441 2069 694 2120 relinquente.
711 2083 764 2108 ex
782 2071 1015 2121 Hermippo.
1046 2071 1193 2109 Barton
1213 2071 1263 2108 ad
1277 2069 1474 2108 Plutarch.
1493 2070 1538 2108 C.
1559 2069 1638 2107 Ne-

166 2146 285 2172 aeram
303 2147 342 2171 n.
358 2136 425 2173 39.
445 2139 485 2171 et
503 2134 569 2174 67.
588 2133 650 2171 ed.
671 2133 807 2171 Lutet.
864 2133 1034 2170 Omnino
1052 2133 1249 2170 Ammian.
1267 2132 1450 2170 Marcell.
1470 2132 1496 2170 l.
1511 2135 1576 2171 30.
1597 2139 1638 2170 et

168 2195 302 2234 vales.
322 2195 371 2234 ad
389 2196 465 2234 loc.
488 2195 729 2234 Callistratus
759 2203 821 2235 est
846 2194 911 2233 ille
934 2208 958 2233 a
976 2195 1162 2247 Lycurgo
1193 2202 1442 2241 memoratus,
1478 2194 1510 2233 si
1538 2193 1637 2232 fides

168 2257 327 2296 Valesio
346 2258 397 2296 ad
417 2258 547 2295 Marc.
567 2258 593 2296 l.
615 2270 649 2296 c,

222 2323 285 2358 11.
316 2320 411 2358 Inde
430 2320 480 2358 ad
497 2319 748 2358 Rhetoricam
767 2333 809 2358 se
838 2319 1003 2358 contulit
1023 2325 1062 2357 et
1088 2319 1232 2357 Isaeum
1262 2318 1416 2358 audivit.
1437 2319 1636 2371 Harpocr.

165 2396 203 2421 v.
217 2382 370 2426 Ἰσαῖος.
399 2382 531 2420 Vales.
551 2382 601 2421 ad
620 2382 695 2421 loc.
715 2381 929 2434 Dionysius
962 2382 1010 2420 de
1027 2382 1128 2420 Isaeo
1158 2389 1197 2420 et
1228 2381 1278 2419 ad
1308 2383 1542 2419 Ammaeum.
1578 2382 1639 2418 ἐπὶ

166 2443 358 2496 δραχμαῖς
385 2447 548 2495 μυρίαις.
580 2444 696 2483 Phot.
717 2443 803 2482 cod.
819 2447 912 2484 253.
935 2444 1038 2482 Plut.
1059 2444 1097 2482 in
1119 2444 1230 2482 lsaeo.
1288 2445 1532 2495 Quamquam
1557 2444 1637 2481 Iso-

166 2512 294 2544 crates
313 2514 395 2544 tum
414 2506 598 2554 docebat,
625 2506 688 2544 vel
714 2506 805 2557 quia
833 2507 974 2544 decem
1001 2506 1124 2544 minas
1152 2506 1374 2558 persolvere
1402 2520 1480 2544 non
1510 2506 1637 2557 potuit

167 2569 253 2614 (the
272 2582 357 2618 very
385 2582 481 2606 same
508 2573 609 2616 sum)
625 2569 687 2607 vel
703 2568 792 2620 quia
815 2569 904 2607 Isaei
925 2568 1136 2607 dictionem
1155 2567 1402 2620 praeferebat.
1434 2568 1633 2606 Plutarch.

166 2629 205 2668 in
219 2630 307 2668 vita.
340 2631 452 2683 [Ego
472 2630 654 2682 equidem
675 2631 861 2669 interesse
890 2631 1036 2682 aliquid
1064 2638 1159 2682 puto
1175 2631 1272 2669 inter
1288 2633 1422 2685 χιλίας
1444 2636 1483 2668 et
1498 2634 1637 2681 μυρίας

166 2690 375 2746 δραχμάς]
426 2692 510 2731 NOS
530 2692 580 2731 ad
598 2692 758 2745 Lysiam
779 2693 828 2732 de
851 2693 1125 2745 Aristophanis
1144 2693 1269 2732 bonis.
1326 2693 1466 2735 Ἰσαῖος
1495 2699 1637 2744 πρῶτος

168 2756 412 2806 σχηματίζειν
440 2758 572 2807 ἤρξατο
605 2757 663 2793 καὶ
689 2758 835 2806 τρέπειν
869 2756 932 2793 ἐπὶ
958 2756 998 2794 τὸ
1026 2755 1214 2793 πολιτικὸν
1233 2758 1301 2801 τὴν
1322 2754 1503 2800 διάνοιαν,
1526 2755 1545 2791 ὃ
1565 2754 1636 2804 μά-

167 2816 279 2852 λιστα
304 2816 508 2867 μεμίμηται
528 2815 788 2868 Δημοσθένης.
834 2816 938 2854 Plut.
955 2817 994 2854 in
1014 2817 1127 2855 Isaeo.
1159 2816 1351 2854 Zosimus.
1381 2815 1636 2866 Thucyd.c1'9

170 2875 211 2913 τὸ
231 2879 429 2915 πολιτικόν.
459 2878 580 2916 Isaeus
597 2878 741 2930 junior.
771 2879 953 2920 Juvenal.
972 2879 1054 2917 Sat.
1076 2879 1127 2916 X.
1148 2878 1248 2917 Plin.
1272 2878 1346 2930 Ep.

227 2940 291 2977 12.
319 2939 532 2980 Isocratem
563 2941 722 2980 audivit.
767 2941 899 2982 Schol.
920 2941 969 2981 ad
988 2941 1265 2980 Timocratem.
1313 2940 1478 2991 Dionys.
1509 2939 1564 2978 H.
1586 2939 1636 2977 ad
