1824 3171
493 155 575 195 AD
607 154 770 196 SUUM
798 154 1097 197 DEMOSTH.
1126 158 1321 200 DEDIC.
1523 154 1637 199 lxxxi

225 256 553 300 D'EMos'rrmrms
579 258 646 298 ille
669 265 800 298 noster
821 258 1081 308 PLArosz,
1101 262 1158 299 uti
1185 261 1269 300 Nos
1294 261 1411 300 hodie
1437 275 1525 301 eum
1544 275 1633 302 cum

173 321 397 369 Ptmonn,
430 329 470 360 et
497 321 652 360 assidue
678 321 835 368 audivit,
856 329 895 360 et
912 322 1097 362 lectitavit
1121 323 1419 369 studiosissime;
1449 331 1562 375 atque
1582 326 1632 364 ab

171 397 218 422 eo
237 384 342 423 fonte
361 384 564 422 nonnullos
583 384 682 423 rivos
711 385 762 422 ad
783 398 862 423 suae
882 386 974 423 artis
992 386 1158 424 studium
1179 398 1203 424 a
1222 385 1350 423 multis
1372 386 1525 423 duxisse
1548 400 1633 426 cre-

169 446 283 484 ditur.
339 446 480 499 Neque
505 458 755 486 ACADEMlAE
783 447 907 485 solum
936 461 1093 499 operam
1124 448 1245 494 dedit,
1267 454 1306 486 et
1327 460 1350 486 a
1378 460 1526 485 summo
1554 448 1630 487 isto

166 507 362 559 Magistro
391 515 524 548 ornate
552 508 832 562 splendideque
862 509 967 561 loqui
993 509 1139 557 didicit,
1171 522 1306 548 verum
1346 509 1632 548 Tnucymms

166 582 342 623 eousque
373 572 583 619 studiosus,
614 579 658 610 ut
678 585 766 610 eurn
784 572 906 610 octies
932 586 1003 612 sua
1026 586 1142 611 manu
1168 572 1418 624 descripsisse
1451 572 1632 624 perhibe-

165 639 286 679 retur,
306 641 346 672 et
372 633 556 672 absumtis
582 633 764 672 incendio
784 634 955 685 quodam
983 635 1132 674 cunctis
1162 634 1458 686 exemplaribus,
1481 647 1547 673 eas
1573 635 1633 673 hi-

159 694 302 733 storias
321 695 540 734 memoriter
559 694 857 746 redintegrasse,
874 696 923 734 ab
943 709 989 736 eo
1010 697 1243 735 densitatem
1258 696 1362 735 illam
1375 699 1632 745 majestatem-

164 767 242 806 que
260 757 537 795 sententiarum
563 756 764 796 derivavit.
822 757 860 795 A
881 757 1110 798 Dialecticis
1141 758 1518 810 argumentationum
1546 757 1633 796 sub-

161 816 337 865 tilitates,
353 832 376 858 a
395 819 634 858 Rhetoribus
659 832 804 870 genera
829 832 1045 867 causarum,
1077 820 1342 872 infinitamque
1373 818 1630 871 quaestionum

160 879 386 919 varietatem
407 881 592 934 adripuit:
610 888 650 920 et
666 894 755 919 cum
775 894 823 919 ex
838 895 908 921 sua
923 890 1006 921 arte
1026 883 1197 922 colorem
1217 882 1412 928 orationis,
1429 894 1477 920 ex
1497 893 1630 927 scena,

161 949 280 993 atque
298 942 544 982 histrionibus
564 943 640 981 oris
657 943 1014 991 conformationem,
1037 952 1189 996 gestum
1217 943 1469 994 habitumque
1497 955 1632 982 accer-

162 1003 260 1042 sivit.
315 1005 498 1057 Denique
534 1004 759 1056 gravissima
795 1013 944 1044 naturae
981 1007 1260 1059 impedimenta
1291 1004 1511 1044 incredibili
1547 1017 1629 1043 rne-

162 1066 349 1105 ditatione
368 1075 485 1118 atque
505 1066 785 1106 exercitatione
801 1068 978 1114 sustulit;
1010 1077 1050 1108 et
1070 1082 1172 1114 cum,
1191 1068 1271 1106 sive
1290 1067 1451 1105 laterum
1471 1066 1629 1104 infirmi-

159 1134 256 1174 tate,
277 1129 358 1167 sive
378 1128 532 1180 spititus
554 1127 745 1178 angustia,
764 1127 843 1167 sive
858 1129 1001 1180 linguae
1014 1129 1119 1175 vitio,
1141 1142 1270 1181 neque
1290 1129 1472 1180 expedite
1502 1142 1630 1180 neque

159 1189 275 1240 plane
293 1190 448 1241 quidem
473 1191 714 1242 loqueretur,
741 1190 908 1241 perfecit
932 1190 1134 1242 diligentia
1159 1198 1199 1228 et
1226 1190 1429 1236 industria,
1450 1196 1493 1227 ut
1512 1202 1629 1228 nemo

160 1264 250 1290 eum
275 1266 354 1291 non
374 1253 497 1292 solum
518 1253 767 1292 contentione
789 1252 957 1300 dicendi,
977 1266 1113 1292 verum
1136 1265 1265 1304 neque
1283 1253 1491 1303 maJestate
1511 1251 1629 1300 vocis,

155 1321 224 1353 aut
243 1322 381 1353 ornatu
399 1315 726 1367 pronunciationis
747 1327 797 1353 ex
819 1315 924 1353 omni
947 1315 1132 1354 memoria
1150 1321 1361 1367 superaret.

213 1377 353 1429 Ecqua
385 1385 515 1416 autem
543 1389 713 1429 unquam
747 1377 917 1416 sanctior
949 1385 1017 1416 aut
1047 1377 1209 1416 sollicita
1236 1377 1359 1428 magis
1394 1375 1628 1429 Disciplina,

157 1452 273 1492 quam
288 1439 376 1478 Tua
389 1439 507 1478 fuerit
525 1439 565 1477 in
583 1439 630 1477 iis
653 1439 833 1485 AEdibus,
854 1452 939 1491 quae
959 1447 1000 1478 et
1019 1439 1314 1491 elegantissimae
1334 1439 1496 1477 culturae
1511 1439 1627 1478 laude

157 1515 312 1553 semper
327 1501 553 1547 floruerunt,
569 1508 688 1552 atque
708 1501 939 1553 optimorum
959 1502 1227 1554 exemplorum
1248 1501 1482 1540 auctoritate
1503 1502 1626 1540 abun-

157 1563 332 1602 darunt?
389 1563 496 1602 Nihil
525 1563 576 1602 ibi
602 1563 742 1610 defuit,
765 1564 828 1602 vel
854 1564 904 1603 ad
923 1564 1158 1616 fingendam,
1179 1564 1240 1602 vel
1269 1564 1319 1603 ad
1347 1563 1626 1616 perficiendam

156 1638 243 1664 eam
262 1625 434 1678 speciem
455 1625 709 1673 excellentiae,
724 1640 812 1677 quae
831 1627 964 1665 futura
979 1634 1081 1666 esset
1100 1627 1265 1678 optima:
1297 1640 1376 1665 non
1397 1627 1516 1666 virtus
1535 1640 1625 1679 pro-

154 1688 250 1740 pria,
283 1701 400 1740 quam
434 1700 655 1735 exercereS,
689 1702 768 1727 non
801 1689 978 1741 aliorum,
1012 1703 1128 1741 quam
1161 1690 1375 1728 imitareris.
1448 1690 1500 1728 Et
1534 1703 1624 1729 cum

155 1750 320 1789 Naturae
339 1750 546 1802 contigerit
564 1749 772 1796 beneficio,
794 1759 836 1789 ut
856 1752 1210 1804 praestantissimam
1238 1752 1404 1791 haberes
1433 1752 1548 1790 animi
1567 1753 1626 1790 in-

152 1812 294 1859 dolem,
316 1826 432 1864 quam
465 1812 678 1859 excoleres,
699 1813 868 1852 accessit
888 1814 1004 1853 etiarn
1024 1815 1121 1853 illud
1141 1815 1362 1866 Sapientiae,
1382 1822 1425 1852 ut
1444 1815 1483 1852 id
1502 1815 1624 1854 velles

151 1888 269 1926 quam
288 1874 542 1922 severissime,
561 1882 644 1913 tum
665 1875 862 1924 Fortunae,
887 1883 928 1915 ut
947 1877 1101 1928 optimis
1127 1877 1335 1916 innutritus
1361 1878 1564 1929 praeceptis
1584 1878 1625 1916 id

153 1938 271 1976 etiam
290 1951 423 1990 posses
439 1938 519 1990 pari
541 1951 629 1976 cum
645 1938 822 1977 utilitate.
871 1939 962 1978 Non
980 1939 1068 1978 Tibi
1089 1939 1245 1992 quidem
1263 1939 1414 1986 eadem,
1429 1953 1517 1990 quae
1537 1953 1622 1979 ora-

153 2001 227 2039 tori
244 2000 345 2047 Tuo,
376 2001 507 2039 oblata
537 2008 598 2039 est
628 2002 882 2048 concertatio,
915 2015 1043 2053 neque
1072 2016 1234 2041 necesse
1264 2002 1351 2040 Tibi
1383 2002 1456 2039 fuit
1482 2002 1623 2040 luctari

152 2075 241 2101 cum
260 2061 478 2114 pervicacia
505 2070 677 2101 naturae:
708 2071 792 2102 erat
811 2071 941 2103 tamen
962 2064 1173 2111 contentio,
1195 2064 1344 2103 ratione
1358 2064 1515 2115 quidem
1534 2077 1626 2101 con-

152 2125 315 2176 fligendi
333 2137 411 2163 non
430 2125 561 2171 levior,
589 2125 759 2163 victoriae
786 2133 892 2165 certe
912 2127 1027 2165 laude
1047 2127 1241 2165 illustrior.
1299 2126 1437 2165 Vicisti
1467 2127 1621 2178 generis

151 2187 406 2234 nobilitatem,
431 2187 634 2234 industria,
666 2188 860 2228 lenocinia
887 2189 1026 2235 aetatis,
1057 2190 1310 2237 continentia,
1338 2190 1480 2228 aedium
1511 2190 1622 2229 deni-

149 2263 225 2301 que
250 2249 409 2288 istarum
440 2249 721 2297 claritudinem,
747 2251 940 2302 exemplo.
996 2251 1225 2298 Meministi,
1245 2265 1325 2290 non
1344 2251 1465 2302 qualis
1499 2264 1620 2299 esses,

149 2311 219 2350 sed
234 2311 355 2364 qualis
384 2324 468 2350 eras
487 2310 652 2351 futurus.
711 2311 889 2351 Cedebat
910 2316 1093 2362 juventus
1122 2313 1275 2352 utilitati
1303 2314 1472 2365 publicae
1501 2320 1619 2365 atque

150 2374 433 2427 exspectationi
462 2375 678 2413 communi:
709 2376 878 2414 cedebat
908 2375 1103 2427 elegantia
1131 2389 1293 2422 morum,
1315 2375 1528 2414 studiorum
1558 2389 1620 2415 se-

148 2437 321 2476 veritati:
352 2437 537 2476 natalium
569 2437 766 2489 splendor,
791 2437 1043 2490 philosophiae
1072 2438 1302 2491 praeceptis:
1333 2439 1500 2490 dignitas
1530 2439 1620 2477 arti-

149 2499 235 2538 bus.
283 2500 309 2539 J
313 2513 374 2538 am
395 2508 476 2538 tum
497 2499 599 2539 enim
618 2501 852 2551 praesensisti
872 2514 938 2539 eos
957 2501 1138 2549 honores,
1156 2515 1254 2554 quos
1275 2502 1410 2541 civitas
1432 2509 1513 2541 erat
1529 2503 1620 2541 Tibi

148 2561 342 2608 debitura,
372 2569 490 2614 atque
518 2562 573 2600 uti
594 2562 768 2609 deberet,
797 2563 1013 2603 elaborasti.
1070 2564 1163 2603 Non
1183 2564 1286 2603 enim
1315 2565 1421 2617 prius
1451 2565 1619 2604 eminere

148 2626 328 2670 statuisti,
351 2638 466 2677 quam
486 2625 574 2663 Tibi
593 2624 633 2662 in
663 2625 790 2663 animo
820 2626 1064 2678 descripsisti,
1083 2634 1270 2679 quantum
1297 2634 1400 2666 esset
1418 2627 1558 2665 laboris
1579 2627 1619 2664 in

149 2688 366 2727 eminendo.
422 2689 583 2727 Mature
604 2702 698 2740 ergo
714 2689 753 2726 in
768 2688 961 2728 literarum
982 2690 1065 2728 sinu
1081 2690 1319 2737 excellebas,
1334 2690 1429 2728 licet
1449 2703 1525 2727 non
1541 2689 1617 2727 hoc

151 2763 292 2800 genere
323 2751 586 2797 excellentiae,
619 2765 697 2802 quo
727 2751 870 2789 deinde
902 2752 1124 2798 inclaruisti,
1154 2753 1293 2791 eodem
1328 2760 1460 2790 tamen
1489 2752 1616 2789 animo

151 2812 381 2852 excellendi.
439 2812 650 2851 Pulchrum
679 2813 775 2851 illud
804 2826 898 2852 sane
928 2820 967 2852 et
986 2814 1208 2862 honestum,
1229 2822 1284 2861 ut,
1306 2813 1371 2866 qui
1391 2814 1617 2863 omnigenas

149 2880 251 2910 artes
270 2875 542 2913 benevolentia
561 2888 630 2914 sua
649 2876 739 2914 olim
769 2883 851 2914 erat
876 2876 1162 2927 complexurus,
1183 2877 1292 2928 prius
1312 2876 1352 2914 id
1373 2874 1616 2926 experiundo

153 2935 334 2982 disceret,
355 2938 469 2987 quale
489 2945 592 2978 esset
610 2937 798 2986 innutriri,
816 2939 931 2991 quale
951 2940 1183 2980 antecellere
1202 2940 1242 2978 in
1261 2938 1428 2991 optimis.

209 3008 308 3034 vot.
342 3010 371 3036 1.
910 3002 925 3037 l
