1824 3171
437 159 516 198 AD
549 156 710 197 SUUM
740 156 1038 196 DEMOSTH.
1069 156 1357 196 PRAEFATT.
1550 157 1626 195 lxxi

740 343 949 381 Clarissimo
973 342 1062 381 Viro

318 430 780 480 HIERONYMO
821 426 1477 484 PAUMGARTNERQ

258 530 424 569 Patricio
457 544 497 569 ac
526 530 698 568 Senatorz‘
727 528 1040 578 Norimbergcnsz',
1077 527 1288 566 Vincentius
1320 527 1509 577 Obsopoeus

843 611 876 637 s.
908 611 949 636 D.

223 688 368 725 VEer
389 701 510 738 nuper
530 688 566 724 in
585 700 718 725 manus
739 699 845 724 meas
866 685 1101 724 admirandae
1121 684 1322 723 vetustatis
1343 683 1541 734 exemplar
1559 683 1627 720 ali-

168 749 275 800 quod
303 749 517 786 orationum
546 748 834 793 Demosthenis,
865 747 1117 797 Hieronyme‚
1145 746 1200 783 vir
1230 744 1452 783 clarissime.
1511 744 1627 786 Quod

169 822 258 847 cum
279 810 474 860 coepissem
505 823 591 847 curn
613 809 751 846 Aldino
780 808 965 853 conferre,
986 807 1112 845 multis
1141 807 1179 844 in
1207 806 1301 843 locis
1321 806 1416 843 illud
1443 818 1530 843 cum
1549 805 1628 842 vul-

168 878 260 922 gato
281 871 503 922 discrepare
523 871 704 922 comperi.
739 870 817 907 Eos
834 883 908 920 ego
927 869 1034 906 locos
1053 867 1319 906 subnotandos
1347 867 1491 917 putavi,
1512 866 1626 916 inque

169 933 365 983 publicam
381 933 639 970 studiosorum
658 932 863 969 utilitatem
884 930 1151 981 invulgandos.
1211 931 1440 978 Quanquam
1456 940 1547 965 vero
1566 927 1626 964 his

169 994 274 1031 solus
295 994 471 1045 privatim
491 994 564 1031 frui
579 994 801 1045 potuissem,
824 1001 889 1031 aut
904 993 942 1030 in
964 992 1121 1030 occulto
1140 1004 1294 1028 servare
1312 990 1462 1036 tacitus,
1483 997 1626 1035 tamen,

169 1068 256 1092 cum
276 1056 324 1093 ab
343 1055 564 1092 invidentiae
590 1056 725 1092 morbo
746 1062 881 1092 natura
902 1054 1141 1098 abhorream,
1163 1060 1203 1090 et
1222 1052 1405 1090 candidas
1432 1065 1627 1089 musarum

160 1119 299 1164 ⁴ianuas
320 1129 401 1153 esse
423 1122 612 1166 oporteat,
627 1115 726 1152 ferre
746 1128 824 1152 non
843 1115 960 1164 potui,
984 1121 1037 1159 ut,
1054 1113 1283 1164 proverbiali
1311 1113 1500 1160 convicio,
1521 1112 1626 1149 canis

167 1177 208 1214 in
236 1176 399 1227 praesepi
419 1176 583 1214 dicerer.
638 1176 755 1213 Dabo
786 1175 915 1225 itaque
941 1174 979 1211 in
1009 1174 1137 1211 lucem
1169 1173 1368 1223 utriusque
1398 1172 1627 1222 exemplaris

167 1238 392 1283 lectionem,
420 1251 498 1275 non
516 1237 643 1275 statim
671 1236 1005 1288 pronunciaturus,
1026 1242 1110 1272 utra
1129 1235 1177 1272 sit
1197 1234 1349 1279 rectior,
1377 1233 1448 1271 nisi
1467 1233 1506 1269 in
1532 1233 1628 1272 locis

167 1307 303 1351 aperte
334 1299 547 1337 mendosis:
577 1312 710 1336 verum
733 1302 812 1346 eJus
838 1297 974 1347 judicii
993 1310 1191 1334 censuram
1218 1295 1455 1333 doctioribus
1474 1295 1628 1332 relictu-

168 1374 243 1399 rus.
301 1361 468 1403 Tantum
489 1360 589 1399 enim
611 1360 702 1397 mihi
719 1367 863 1397 temere
883 1372 959 1396 non
981 1359 1098 1396 ausim
1119 1370 1285 1403 sumere,
1305 1364 1348 1394 ut
1369 1369 1415 1394 ea
1435 1356 1483 1393 de
1503 1369 1544 1394 re
1566 1359 1627 1405 ju-

169 1422 313 1461 dicium
335 1422 488 1460 faciam.
546 1421 753 1459 Neminem
771 1434 863 1459 vero
892 1421 954 1458 hic
980 1433 1089 1458 meus
1116 1420 1226 1457 labor
1252 1418 1438 1470 proderit,
1467 1418 1538 1456 nisi
1566 1419 1628 1456 cui

169 1484 455 1522 Demosthenes
474 1483 576 1521 domi
594 1483 724 1521 fuerit.
782 1483 826 1519 In
852 1482 957 1519 tenui
987 1482 1095 1519 labor
1123 1488 1192 1526 est,
1217 1480 1363 1518 fateor:
1398 1480 1468 1517 sed
1501 1480 1628 1518 tenuis

169 1559 247 1582 non
268 1545 400 1596 gloria,
421 1546 452 1583 si
471 1545 610 1595 quibus
630 1545 668 1582 in
688 1544 782 1582 locis
803 1542 1111 1581 Demosthenem
1142 1549 1207 1580 aut
1236 1541 1533 1587 correxerimus,
1562 1549 1629 1580 aut

167 1608 221 1652 illi
241 1608 435 1659 pristinum
465 1607 630 1644 nitorem
658 1607 772 1655 huJus
792 1605 934 1644 vetusti
964 1604 1196 1656 exemplaris
1225 1603 1394 1642 subsidio
1414 1603 1628 1641 restitueri-

169 1683 266 1709 mus,
323 1669 414 1706 Non
435 1669 609 1706 attollam
629 1668 691 1705 hic
711 1667 837 1705 verbis
867 1667 1083 1718 quicquam,
1104 1679 1181 1704 non
1201 1672 1290 1703 sunt
1309 1665 1381 1703 ista
1401 1678 1498 1702 meae
1518 1665 1630 1702 indu-

168 1732 282 1777 striae,
320 1731 389 1769 sed
427 1730 645 1781 diligentiae,
684 1743 798 1780 quam
842 1728 1088 1767 conferendis
1127 1726 1411 1778 exemplaribus
1444 1726 1629 1778 impendi.

172 1793 269 1831 Sunt
281 1792 395 1830 hodie
415 1805 492 1830 non
512 1804 645 1842 parum
673 1791 796 1837 multi,
815 1790 892 1841 qui,
914 1803 1000 1828 cum
1023 1789 1060 1827 in
1091 1797 1222 1827 autore
1244 1788 1372 1839 aliquo
1391 1788 1451 1826 vel
1472 1788 1629 1826 unicum

167 1853 441 1898 adverbiolum‚
458 1860 523 1890 aut
544 1852 925 1903 conjunctiunculam
947 1865 1058 1890 secus
1078 1851 1252 1902 positam,
1270 1857 1335 1888 aut
1354 1863 1630 1901 supervacuam

168 1915 394 1961 invenerint,
429 1915 496 1952 Dii
527 1915 632 1960 boni,
663 1927 759 1965 quos
795 1914 968 1965 protinus
1001 1913 1228 1964 triumphos,
1258 1925 1352 1964 quas
1383 1913 1629 1963 gloriationes

169 1975 398 2027 proferunt?
428 1989 543 2027 quam
563 1975 774 2013 insolenter
793 1975 865 2012 sibi
883 1975 1052 2027 placent,
1078 1975 1256 2012 nimirum
1285 1987 1327 2012 se
1357 1975 1460 2012 solos
1491 1975 1630 2012 acutis-

171 2038 265 2075 sime
285 2037 547 2088 perspexisse,
568 2037 673 2088 quod
692 2037 867 2075 homines
884 2037 1024 2088 alioqui
1041 2036 1320 2074 oculatissimos
1339 2036 1494 2086 fugerit.
1542 2036 1630 2074 Est-

171 2112 247 2150 que
264 2100 313 2137 ob
327 2112 440 2136 unam
459 2106 575 2149 atque
595 2099 754 2136 alteram
772 2098 1049 2136 dictiunculam
1064 2098 1238 2149 protinus
1257 2105 1358 2135 totus
1374 2104 1484 2134 autor
1503 2110 1631 2135 emen-

172 2160 296 2198 datior
315 2160 529 2205 habendus,
546 2166 585 2197 et
601 2160 651 2197 ad.
666 2160 921 2197 vetustissima
937 2159 1171 2210 exemplaria
1185 2159 1385 2197 restitutus
1399 2160 1630 2198 credendus.

172 2222 278 2268 Quid
298 2229 427 2259 autem
446 2221 673 2258 mendarum
694 2228 734 2258 et
764 2226 975 2259 erratorum
1003 2221 1119 2258 hodie
1146 2221 1222 2259 hoc
1251 2221 1456 2259 mendacio
1476 2221 1515 2259 in
1543 2222 1632 2259 scri-

170 2284 343 2335 ptoribus
362 2283 532 2334 quotidie
551 2283 591 2319 in
611 2283 738 2320 lucem
755 2283 1035 2334 prodeuntibus
1055 2282 1165 2320 nobis
1188 2296 1267 2320 non
1290 2283 1505 2320 obtrudunt
1524 2290 1633 2335 typo-

171 2345 340 2396 graphi?
363 2345 479 2382 Adeo
498 2343 656 2382 solenne
673 2352 713 2382 et
732 2358 802 2382 usu
817 2351 1016 2395 receptum
1037 2350 1106 2390 est,
1129 2344 1296 2382 omnium
1312 2344 1497 2382 librorum
1514 2345 1631 2384 titulis

171 2408 336 2446 addere:
353 2407 412 2445 Ad
429 2407 685 2445 vetustissima
698 2408 934 2459 exemplaria
951 2407 1166 2454 restitutus,
1186 2414 1226 2444 et
1245 2408 1293 2445 ab
1310 2407 1466 2446 infinitis
1480 2408 1631 2446 mendis

171 2476 414 2520 repurgatus.
473 2468 512 2506 Si
541 2476 671 2507 tamen
698 2469 774 2507 hoc
806 2469 900 2507 licet
928 2469 1036 2507 alteri
1067 2469 1103 2506 in
1136 2468 1254 2506 latino
1279 2469 1472 2520 quopiam,
1501 2482 1630 2520 neque

170 2537 290 2568 tantae
317 2530 447 2568 classis
473 2537 621 2580 autore,
642 2530 800 2568 invento
828 2544 905 2568 uno
934 2538 1051 2581 atque
1077 2530 1200 2568 altero
1218 2531 1377 2568 verbulo
1397 2530 1563 2569 rectiore
1592 2538 1632 2568 et

173 2591 446 2637 emendatiore,
469 2592 707 2629 exclamare:
741 2591 896 2643 Reperi,
915 2605 992 2629 non
1012 2592 1116 2642 quod
1135 2592 1245 2643 pueri
1265 2591 1464 2629 clamitant
1482 2592 1520 2628 in
1540 2592 1632 2629 faba

173 2667 214 2692 se
234 2653 419 2704 reperisse
437 2667 446 2691 t
469 2667 536 2691 cur
556 2653 646 2691 mihi
661 2667 737 2690 non
756 2653 860 2691 idem
875 2653 992 2692 liceat
1008 2653 1046 2690 in
1067 2654 1343 2699 Demosthene,
1361 2660 1492 2691 autore
1508 2661 1630 2698 tanto,

174 2721 331 2765 tamque
351 2714 520 2752 eximio?
551 2716 780 2766 Quanquam
802 2715 894 2766 quid
911 2728 979 2752 nos
999 2715 1267 2766 repererimus,
1289 2715 1416 2753 verbis
1428 2715 1635 2764 jactantio-

175 2775 277 2812 ribus
307 2789 402 2825 opus
430 2789 507 2813 non
539 2782 616 2814 est:
646 2788 706 2813 res
736 2775 819 2827 ipsa
844 2775 1044 2814 indicabit.
1101 2777 1235 2828 Atque
1263 2776 1409 2814 utinam
1439 2776 1632 2826 integrum

178 2837 371 2887 exemplar
389 2837 498 2875 nobis
518 2826 688 2875 obla'tum
706 2837 856 2884 fuisset,
872 2845 915 2875 ut
935 2837 986 2876 ad
1001 2851 1090 2876 eum
1108 2839 1266 2877 modum
1285 2852 1420 2877 omnes
1441 2838 1631 2875 orationes

176 2896 276 2934 inter
305 2910 347 2936 se
381 2898 540 2936 collatas
574 2899 781 2938 emendare
815 2898 1082 2951 potuissemus,
1115 2913 1192 2938 non
1224 2907 1502 2951 permutassem
1536 2911 1630 2949 opes
