1824 3171
619 499 1155 569 RUDIGERI

867 667 913 688 AD

343 761 713 805 ORATioNEs
765 743 1228 805 oLYNTHIACAs
1279 761 1439 804 TREs

514 883 894 939 PROLEG
916 884 1278 939 OMENA.

161 1020 209 1058 IN
243 1021 494 1067 orationibus,
526 1037 614 1073 quae
645 1023 829 1062 dicuntur
857 1025 1117 1075 Olynthiacae,
1148 1025 1434 1063 Demosthenes
1467 1024 1614 1063 animos

161 1081 300 1120 civium
322 1097 562 1122 commovere
583 1086 727 1132 studet,
749 1093 791 1124 ut
812 1087 1030 1138 Olynthum
1052 1087 1101 1124 ab
1122 1087 1268 1137 impetu
1295 1086 1462 1136 Philippi
1482 1086 1615 1124 desen-

159 1143 280 1182 dant:
320 1157 405 1182 nam
437 1152 579 1183 metum
611 1161 709 1193 esse,
740 1161 786 1185 ne
818 1148 999 1194 Macedo,
1034 1149 1098 1186 ina
1131 1148 1226 1186 urbe
1255 1154 1384 1198 capta,
1418 1147 1455 1184 in
1484 1149 1612 1197 ipsum

159 1205 453 1243 Atheniensium
488 1220 620 1256 agrum
648 1208 818 1246 invadat.
878 1209 1030 1246 Etenim
1053 1209 1284 1260 Olynthus*
1306 1209 1379 1246 sita
1408 1208 1458 1245 ad
1487 1208 1611 1245 sinum

148 1266 390 1305 'Toronaeum
410 1269 477 1305 LX
501 1269 620 1307 ferme
642 1270 764 1307 stadia
787 1270 836 1307 ab
855 1270 1026 1308 Potidaea
1046 1271 1082 1307 in
1101 1270 1205 1308 edito
1220 1270 1321 1317 loco,
1338 1268 1479 1317 (Thuc.
1499 1270 1531 1314 Ι,
1548 1273 1614 1307 63.

126 1370 129 1373 ἢ
155 1327 249 1365 dicit
270 1330 348 1366 ἔστ-ι
369 1331 593 1381 καταφανὲς,
623 1331 753 1369 Schol.
780 1331 915 1369 addit:
947 1332 1091 1382 ὑψηλὸν
1113 1334 1186 1382 γὰρ
1205 1332 1244 1369 τὸ
1263 1335 1400 1383 χωρίον
1430 1334 1451 1377 ἡ
1470 1331 1614 1370 ”Ολυν-

154 1387 254 1436 9023)
282 1397 442 1429 auctore
474 1393 610 1443 Steph.
634 1394 728 1443 Byz.
752 1393 800 1431 ab
825 1393 1015 1444 Olyntho,
1038 1392 1116 1430 filio
1143 1393 1339 1438 Herculis,
1360 1393 1517 1430 condita
1539 1400 1611 1438 est,

153 1457 331 1488 narrante
357 1465 446 1490 vero
479 1453 629 1492 Conon.
662 1459 699 1492 4.
730 1454 779 1490 ab
808 1454 995 1504 Olyntho,
1030 1454 1261 1506 Strymonis,
1293 1455 1392 1505 regis
1421 1454 1612 1500 Thraciae,

154 1509 249 1558 filio,
271 1512 337 1562 qui
364 1525 504 1552 venans
531 1528 551 1552 a
580 1515 690 1553 leone
719 1515 910 1553 laceratus
938 1515 1001 1552 illo
1032 1516 1120 1553 loco
1150 1515 1323 1565 sepultus
1353 1521 1450 1560 erat,
1474 1528 1611 1552 nomen

152 1573 316 1622 accepit.
374 1575 528 1613 Graecae
559 1575 715 1626 originis
747 1589 832 1614 eam
862 1576 976 1614 fuisse
998 1576 1093 1614 dicit
1115 1576 1307 1614 Herodot.
1330 1576 1422 1622 VII,
1444 1579 1548 1621 122„
1570 1582 1610 1613 et

150 1632 363 1683 antiquitus
390 1636 624 1674 auctoritate
651 1643 689 1674 et
720 1643 918 1687 potestate
939 1637 1129 1683 floruisse,
1150 1638 1208 1674 vel
1240 1637 1328 1674 hinc
1363 1637 1611 1682 concluseris,

149 1694 268 1742 quod,
301 1709 419 1745 quum
449 1696 604 1747 Olymp.
639 1702 704 1742 87,
743 1704 780 1737 4.
815 1698 1073 1736 Athenienses
1106 1699 1247 1736 bellum
1287 1694 1611 1735 Chalcidensibus

149 1754 383 1800 intulissent,
407 1756 443 1793 hi
464 1756 740 1808 Olynthiorum
764 1759 1015 1808 implorarent
1041 1759 1239 1803 auxilium,
1261 1757 1327 1808 qui
1345 1758 1482 1796 ceteris
1504 1759 1609 1796 urbi-

150 1816 221 1854 bus
243 1817 443 1867 praefuisse
465 1819 661 1866 videntur,
687 1820 943 1858 Athenienses
965 1819 1054 1870 fuga
1073 1835 1111 1857 se
1129 1820 1343 1857 Potidaeam
1364 1825 1608 1869 receperunt.

148 1878 289 1916 Narrat
318 1880 402 1918 haec
426 1881 550 1918 Thuc.
574 1881 627 1926 Il,
651 1885 713 1921 ⁸79.
773 1882 878 1919 Idem
900 1889 1038 1919 auctor
1064 1888 1136 1926 est,
1157 1881 1241 1929 (IV,
1268 1881 1369 1929 123.)
1392 1881 1607 1926 Brasidam,

149 1939 387 1986 Mendaeum,
407 1955 524 1991 quum
547 1942 688 1979 bellum
711 1949 844 1980 contra
858 1943 1113 1980 Athenienses
1134 1949 1297 1991 gereret,
1316 1941 1475 1992 Olymp.
1491 1947 1555 1988 89,
1571 1947 1607 1980 1.

148 2013 303 2038 suorum
324 2003 464 2040 liberos
484 2004 714 2041 subduxisse
740 2004 972 2054 Olynthum,
994 2003 1107 2052 cujus
1131 2004 1268 2040 incolae
1292 2003 1365 2053 ipsi
1386 2004 1531 2051 (Thuc.
1555 2004 1604 2048 V,

147 2063 228 2110 39.)
260 2064 554 2114 Mecybernam,
577 2078 691 2114 quam
718 2066 1010 2102 Atheniensium
1034 2065 1257 2115 praesidium
1280 2064 1474 2101 obsessam
1498 2071 1605 2101 tene-

148 2122 228 2168 bat,
250 2123 376 2160 adorti
396 2138 479 2161 esse
502 2124 720 2162 traduntur.
765 2125 840 2162 Sed
863 2124 1191 2174 quemadmodum
1214 2124 1303 2169 hoc,
1324 2137 1403 2173 quo
1425 2124 1605 2170 diximus,

146 2189 319 2232 tempore
339 2184 514 2235 Olynthii
536 2199 622 2222 cum
647 2185 955 2223 Atheniensibus
976 2184 1251 2235 confligebant,
1268 2185 1318 2222 ita
1335 2185 1509 2223 videmus
1532 2186 1606 2223 illis

142 2243 207 2282 Ol.
233 2250 297 2284 99.
326 2250 362 2284 2.
385 2250 421 2284 3.
450 2260 471 2284 a
494 2247 802 2284 Lacedaemoniis
832 2247 972 2284 bellum
1004 2246 1157 2284 inferri:
1189 2246 1301 2294 cujus
1332 2246 1386 2282 rei
1417 2246 1501 2284 haec
1531 2246 1604 2283 fuit

143 2318 273 2345 causa.
332 2309 531 2358 Amyntas,
556 2322 621 2345 rex
643 2308 920 2353 Macedonum,
941 2308 990 2345 ab
1013 2308 1077 2358 Ill)
1089 2307 1151 2344 riis
1175 2307 1299 2344 victus
1320 2312 1359 2344 et
1379 2320 1532 2357 pressus
1553 2307 1602 2345 ab

141 2367 353 2419 Olynthiis,
368 2369 425 2406 his
444 2383 621 2420 magnum
636 2369 748 2407 vicini
766 2369 845 2420 agri
866 2377 1030 2407 tractum
1048 2370 1234 2420 permisit.
1260 2369 1374 2406 Diod.
1389 2370 1465 2407 Sic.
1485 2370 1600 2414 XIV,

140 2434 204 2467 92.
240 2430 332 2476 XV,
362 2435 425 2468 19.
484 2431 608 2475 Quem
643 2432 707 2468 ille
739 2445 877 2481 quum,
899 2432 1042 2468 viribus
1073 2431 1308 2477 instauratis,
1337 2438 1533 2481 repeteret
1564 2438 1603 2469 et

139 2489 314 2541 Olynthii
337 2505 374 2528 se
397 2491 615 2529 reddituros
637 2499 832 2541 negarent,
854 2505 967 2542 opem
1004 2492 1386 2530 Lacedaemoniorum
1417 2492 1600 2542 implora-

140 2550 219 2589 vit:
250 2551 426 2604 Olynthii
451 2565 538 2590 vero
561 2553 673 2590 nrbes
695 2553 946 2590 Chalcidicas
966 2553 1003 2590 in
1028 2553 1118 2590 belli
1140 2553 1363 2590 societatem
1392 2553 1598 2591 arcessive-

138 2619 248 2656 runt:
281 2613 383 2663 quod
408 2613 485 2651 illae
506 2627 609 2662 aegre
631 2614 764 2652 tulisse
786 2614 980 2651 videntur.
1038 2614 1137 2651 Nam
1160 2614 1273 2663 legati
1294 2627 1341 2651 ex
1358 2614 1538 2652 Acantho
1561 2621 1599 2652 et

138 2673 357 2723 Apollonia,
377 2675 540 2712 urbibus
555 2674 806 2720 Chalcidicis,
823 2681 1011 2712 venerunt
1030 2675 1207 2724 Spartam
1222 2675 1402 2712 auxilium
1426 2675 1597 2725 petituri.

139 2733 256 2782 Apud
280 2735 464 2785 Xenoph.
488 2735 538 2773 H.
563 2736 618 2773 G.
639 2736 686 2781 V,
708 2739 746 2781 2,
768 2739 831 2773 12.
866 2736 983 2785 legati
1006 2735 1104 2773 inter
1123 2736 1194 2773 alia
1217 2736 1324 2773 haec:
1356 2736 1411 2774 ὅτι
1430 2736 1499 2787 μὲν
1520 2739 1594 2785 γάρ

136 2800 208 2831 τῶν
238 2795 294 2832 ἐπὶ
322 2795 469 2846 Θρᾴκης
497 2801 656 2848 μεγίστη
679 2795 1014 2843 πόλις”Ολυνὲος,
1038 2797 1172 2848 σχεδὸν
1203 2797 1343 2839 πάντες
1373 2796 1594 2834 ἐπίστασθε.

179 2904 198 2922 ⁸
223 2905 287 2935 Ct'r.
309 2906 431 2936 omnino
450 2907 584 2943 Jacobs„
608 2907 658 2946 qni
684 2908 814 2938 versioni
841 2909 1012 2939 veruaculae
1035 2909 1139 2939 harum
1165 2913 1256 2938 oratt.
1273 2919 1304 2947 p.
1322 2909 1395 2938 209.
1419 2916 1485 2946 sqq.
1502 2906 1595 2934 intro-

135 2953 308 2984 ductionem
324 2956 482 2994 praemisit.
