1824 3171
424 201 978 248 ΟΛΥΝΘΙΑΚΟΣ
1039 202 1096 244 Γ.
1159 191 1260 260 (B.)

1498 195 1569 248 73

124 317 203 370 δ”
189 319 262 370 εοῖν
289 317 440 376 πολεις
453 314 719 378 Ελληνιδοις
743 313 1162 407 οἷνὸξοιπῡὸιζεσθαι
1186 312 1238 365 δι
1259 314 1449 387 dwogloev
1474 311 1573 377 ἔφο-

124 391 218 444 clam
259 401 348 450 τοῖς
382 392 754 481 στρατευομέιιοις.
806 414 886 442 και
927 413 1050 442 ‘taur
1091 412 1177 455 oux
1209 413 1244 440 ιν
1247 385 1581 456 οἱπεχθωμοᾶ

126 489 238 518 τισιν
256 489 373 534 υμων
395 463 627 526 τηναλλως
631 464 888 557 προῄρημαι
910 461 1074 529 λεγειν·
1097 487 1139 515 ου
1163 486 1255 531 ’γαρ
1278 460 1413 519 οὕτως
1431 459 1576 532 ἄφρων

125 537 215 590 οὐδ’
251 537 461 604 Ιοῖτυχῆς
496 537 585 609 εἶμι
628 563 731 605 εγω,
774 537 881 597 ω’ςτε
921 534 1276 604 απεχθανεο-θαι
1320 533 1577 597 βούλεσθαι

121 610 249 682 μηδεν
283 612 461 676 ωφελεῒν
497 611 697 684 νομίζων
725 612 859 664 α’λλοι
895 609 1061 664 &namu
1103 611 1302 664 πολιτου
1339 634 1463 677 κρινω
1501 633 1578 670 την
1597 628 1649 663 48

124 710 206 737 των
232 710 517 759 πραγματων
548 688 767 779 σωτηρίαν
803 684 902 739 ‹im-a
935 687 1014 748 τῆς
1043 685 1081 738 ἓν
1121 711 1182 753 τῳ
1219 683 1364 751 λεγειν
1395 707 1582 756 >Cotem-og

123 760 368 852 αἱρεῖσθαι.
399 760 477 812 καὶ
478 761 596 850 ”yde
625 785 724 820 τους
750 785 822 812 sm
853 785 938 812 των
964 784 1191 829 προγονων
1217 761 1333 830 ’ἡμων
1365 759 1583 824 λεγοντας

324 832 347 853 Ι

123 835 284 896 ακούω,
313 859 449 903 ωςπερ
476 832 580 894 ἶσως
605 859 682 886 και
709 859 850 922 υμεις,5
875 834 945 894 οὺς
985 858 1208 888 εποιινσυσι
1234 858 1312 905 μεν
1342 833 1380 884 οἶ
1405 856 1582 905 παρων-

125 930 200 966 τες
221 906 439 971 ἅπαντες,
466 933 703 980 μιμουνται
733 908 776 960 δ’
805 933 849 961 ου
877 908 1020 973 πάνυ,
1049 934 1192 977 τουτῳ
1220 934 1282 976 τῳ
1310 905 1389 960 εθει
1418 931 1495 959 και
1520 931 1584 973 τῳ

125 1005 278 1057 τροπῳ
306 983 384 1045 τῆς
408 983 646 1043 πολιτειας
669 984 893 1059 χρῆσθαι,
923 1007 997 1037 τον
1016 981 1333 1059 Aecffreadnv’
1319 992 1490 1044 εκεῒνον,
1511 1005 1586 1033 τον

714 1083 723 1102 ¹
747 1082 859 1123 ἀτυχής
875 1081 918 1115 τίς
933 1082 994 1122 εἶμι

121 1147 283 1178 intervallo
295 1149 414 1184 dissita,
427 1160 521 1188 prope
537 1150 635 1180 sinum
647 1150 832 1180 Saronicum.

123 1191 194 1219 Hoc
210 1191 322 1220 bellum
337 1193 467 1231 contigit
481 1194 644 1223 duodecim
660 1203 752 1222 annos
765 1197 836 1231 post

122 1233 236 1263 bellum
254 1234 292 1263 de
307 1245 366 1273 quo
383 1235 412 1264 in
430 1236 616 1274 praecedenti
632 1240 702 1265 nota
718 1236 834 1265 dictum

121 1279 177 1306 est.
227 1277 434 1316 Megarenses,
452 1284 611 1317 postquam
627 1278 835 1317 praesidiarios

121 1318 353 1349 Atheniensium
369 1321 481 1351 milites
506 1322 723 1357 trucidassent,
740 1322 836 1351 Lace-

122 1362 264 1397 daemoni,
279 1373 313 1392 ac
326 1363 473 1393 Corintho
489 1364 580 1393 etiam
596 1364 732 1403 ipsorum
750 1364 836 1404 capi-

122 1404 175 1434 tali
198 1405 289 1440 hosti,
308 1411 414 1436 contra
429 1417 518 1445 quem
533 1407 734 1436 Athenienses
752 1407 836 1445 ipso-

122 1457 187 1476 rum
212 1457 332 1478 causam
358 1450 577 1488 suscepissent,
592 1460 624 1478 se
640 1450 837 1487 conjunxere.

124 1490 326 1520 Athenienses
343 1502 444 1521 eorum
459 1497 518 1522 tam
535 1492 650 1530 perlida
665 1492 836 1522 defectione

124 1532 284 1572 animoque
300 1535 377 1564 adeo
392 1534 512 1573 ingrato
533 1535 677 1565 commoti
698 1535 837 1574 injuriam

124 1575 230 1605 ulcisci
257 1577 469 1608 decreverunt.
513 1579 622 1617 Itaque
648 1579 839 1616 Megarensi-

124 1619 181 1648 bus
215 1619 438 1656 denuntiarunt,
466 1630 503 1650 ne
531 1626 640 1651 terram
664 1621 770 1651 Cereri
809 1626 839 1651 et

124 1661 319 1700 Proserpinae
344 1669 493 1693 sacratam
517 1668 622 1694 contra
645 1665 690 1694 fas
716 1664 838 1694 excole-

125 1710 211 1733 rent:
244 1715 303 1743 qua
331 1707 539 1738 admonitione
571 1708 753 1742 detrectata,
785 1717 838 1737 eos

124 1747 208 1776 aditu
223 1747 253 1777 in
269 1753 374 1786 portus
383 1754 415 1779 et
427 1750 579 1789 regionem
590 1750 703 1780 Atticae
713 1750 838 1780 decreto

123 1789 329 1821 interdixere:
375 1793 468 1831 idque
503 1793 660 1823 decretum
696 1793 838 1824 acerbius

125 1833 238 1863 bellum
266 1834 563 1874 Peloponnesiacum
590 1836 741 1866 accendit.
787 1837 837 1866 Ex

125 1876 259 1906 oratione
277 1878 494 1908 Demosthenis
511 1879 691 1915 credideris,
704 1880 787 1910 bella
801 1879 839 1910 de

125 1918 238 1958 quibus
254 1920 389 1958 loquitur
404 1922 441 1950 ab
459 1921 649 1952 auditoribus
664 1922 728 1952 suis
745 1923 840 1953 fuisse

126 1967 223 2000 gesta.
281 1964 468 2002 Hujusmodi
506 1964 755 1995 Anachronismis
795 1966 841 1995 uti

127 2005 308 2043 eloquentiae
329 2007 519 2043 conceditur,
534 2018 602 2046 quae
617 2008 677 2037 hoc
692 2008 784 2038 modo
802 2009 841 2037 ad

127 2053 267 2085 posterus
291 2049 436 2079 transfert
460 2051 607 2088 majorum
633 2059 756 2080 suorum
776 2051 842 2090 glo-

127 2089 212 2120 riam.
258 2091 383 2131 Optima
403 2096 451 2122 est
476 2093 542 2122 haec
567 2093 646 2122 ratio
671 2093 700 2122 in
726 2094 842 2123 animos

127 2133 280 2164 hominum
311 2144 344 2164 se
370 2134 556 2170 insinuandi,
589 2136 689 2174 adque
721 2136 842 2166 intimos

128 2176 256 2207 affectus
280 2181 365 2207 recta
389 2177 439 2207 via
466 2178 592 2208 incedit.
637 2179 765 2208 Nullum
786 2189 842 2209 nos

127 2219 170 2249 ita
189 2224 292 2251 movet
316 2221 489 2260 exemplum
512 2225 545 2251 ut
569 2225 728 2259 nostrum3
752 2221 843 2251 nihil-

127 2273 186 2301 que
199 2268 246 2292 est
257 2263 337 2302 quod
351 2264 419 2302 quis
435 2269 563 2300 tantum,
574 2270 718 2303 quantum
732 2269 843 2294 semet-

127 2305 238 2344 ipsum,
254 2306 365 2336 imitari
379 2307 499 2345 gestiat]
518 2307 664 2339 Toum-elz.
681 2309 787 2338 IDEM.

170 2348 232 2378 Ἐπὶ
250 2348 399 2390 Κορινθίους
420 2350 470 2379 καὶ
489 2349 649 2391 Μεγαρέας]
675 2351 843 2381 Diversum

127 2391 260 2430 interpp.
291 2397 398 2431 putant
433 2393 515 2423 innui
554 2394 677 2430 bellum,
714 2394 843 2423 alterum

128 2434 358 2471 Corinthiorum,
387 2445 462 2474 quos
492 2436 707 2472 Athenienses,
738 2438 844 2473 Mega-

127 2477 265 2507 rensibus
290 2458 485 2513 auxiliante-S,
512 2480 770 2518 aggrediebantur
793 2479 843 2509 01.

128 2523 181 2555 80,
197 2523 227 2551 3.
245 2521 358 2561 (’.ΓΙ]ι]ο
379 2521 408 2550 Ι.
425 2520 525 2562 103.‚)
542 2522 671 2552 alterum
688 2522 845 2563 Megaren-

127 2565 214 2599 sium,
232 2563 261 2592 in
278 2574 406 2602 quoium
421 2564 497 2594 fines
510 2565 713 2595 Athenienses
724 2566 774 2595 Ol.
791 2567 844 2600 83,

132 2609 161 2636 1.
186 2606 379 2636 invadebant.
408 2607 534 2646 Ulpian.
554 2608 594 2637 de
618 2618 679 2638 uno
700 2608 846 2646 intelligit

129 2649 221 2685 bello,
237 2651 320 2689 quod
344 2649 495 2680 Corinthii
512 2655 570 2681 eti
560 2652 760 2691 Megarenses
774 2661 846 2681 con—

126 2692 224 2730 juncti
263 2688 503 2723 Atheniensibus
537 2693 718 2724 inferebant.
766 2696 844 2724 Nam

130 2735 327 2774 Megarenses
344 2746 436 2775 quum
461 2738 510 2767 ’τὴν
525 2736 596 2776 ἱερὰν
611 2735 714 2777 ὀργάδα
728 2737 846 2778 (locum

131 2777 237 2807 Cereri
261 2783 293 2807 et
318 2779 516 2817 Proserpinae
531 2790 650 2810 sacrum
668 2780 698 2810 in
715 2781 845 2810 confinio

132 2819 301 2859 Megaridis
328 2825 360 2851 et
388 2822 515 2863 Atticae)
545 2826 682 2861 tempore
714 2823 846 2853 Periclis

133 2862 193 2892 sibi
209 2862 427 2899 vindicassent,
443 2865 474 2894 bi
492 2875 550 2894 una
561 2865 742 2902 Corinthiis,
771 2877 848 2905 quos

132 2904 163 2934 in
202 2904 346 2936 auxilium
392 2912 589 2944 vocaveiQant
634 2909 847 2939 vehementem

133 2947 364 2978 Atheniensium
386 2949 532 2989 impetum
553 2951 776 2992 (ἁςπίισαντας)
791 2963 847 2982 ex·

134 2989 339 3030 periebantur
381 2992 476 3024 Thue.
494 2993 520 3024 1.
545 2996 618 3026 139.
640 2995 745 3035 ibique
762 2995 847 3028 Duk-

870 1149 955 1179 Plut.
976 1149 1004 1178 in
1024 1148 1131 1178 Pericl.
1152 1150 1198 1179 ΙΙ.
1215 1160 1245 1189 p.
1265 1150 1338 1179 108.
1384 1148 1468 1178 Huic
1486 1146 1587 1186 expli-

869 1192 982 1222 cationi
999 1193 1105 1231 partic.
1121 1192 1168 1221 καὶ
1180 1193 1285 1221 favere
1304 1192 1437 1221 videtur.
1460 1190 1587 1220 Romo.

912 1241 994 1264 Τισιν
1019 1235 1111 1275 ὑμῶν]
1151 1236 1214 1264 Eos
1241 1235 1395 1275 intelligit,
1427 1234 1478 1272 qui
1506 1242 1589 1272 aegre

869 1278 982 1313 ferunt,
1007 1278 1168 1315 pecuniam
1195 1278 1373 1308 theatralem
1401 1277 1461 1306 sibi
1485 1276 1589 1315 eripi;

873 1321 929 1350 cfr.
947 1321 982 1350 ad
998 1321 1079 1350 Phil.
1096 1321 1162 1360 1.§.
1180 1319 1211 1350 δ’.
1235 1322 1342 1350 IDEM.

912 1363 1079 1404 Τηνίιλλως]
1105 1363 1233 1393 Frustra
1262 1364 1286 1392 i.
1302 1373 1330 1392 e.
1366 1367 1400 1392 ut
1435 1361 1512 1391 nihil
1549 1362 1589 1390 sit

871 1415 984 1441 causae,
1000 1417 1054 1435 cur
1076 1407 1147 1436 illos
1163 1406 1236 1435 mihi
1252 1405 1368 1435 invisos
1382 1405 1502 1438 faciam,
1519 1404 1550 1433 d.
1567 1404 1588 1433 f.

871 1448 932 1486 leg.
947 1449 972 1488 ᾗ.
989 1447 1046 1486 ξδ’.
1064 1449 1112 1478 fin.
1130 1449 1184 1489 οὐχ
1199 1447 1254 1486 ἕξει
1270 1445 1301 1477 τί
1316 1447 1396 1489 λέγῃ,
1413 1449 1494 1476 ἀλλὰ
1516 1458 1590 1476 την-

872 1490 995 1523 άλλως
1024 1490 1153 1520 ἐνταῦθα
1182 1490 1282 1529 ἐπαςεῖ
1310 1493 1358 1521 ’τήν
1389 1491 1486 1528 φωνήν.
1518 1489 1591 1518 coll.

873 1533 956 1562 Phil.
969 1534 1015 1563 ΙΙ.
1031 1533 1056 1573 §.
1072 1532 1109 1568 ς’.
1129 1533 1235 1572 Bergl.
1254 1534 1292 1562 ad
1310 1534 1451 1572 Aleiphr.
1467 1543 1499 1571 p.
1521 1535 1592 1563 102.

874 1586 898 1605 s.
921 1576 1027 1606 IDEM.

915 1617 1042 1660 Ἀτυχής
1057 1618 1134 1658 εἰμι]
1160 1618 1271 1648 Reisk.
1296 1629 1335 1648 ex
1359 1617 1479 1647 duobus
1502 1618 1593 1648 libris

872 1661 1098 1701 interposuerat
1113 1674 1170 1698 τις,
1183 1672 1251 1701 quae
1267 1672 1330 1692 vox
1343 1661 1400 1690 etsi
1415 1662 1491 1691 bene
1504 1671 1592 1690 suum

872 1709 992 1735 tueatur
1008 1705 1109 1734 locum
1125 1705 1253 1745 (Matth.
1271 1706 1324 1734 Gr.
1340 1715 1386 1744 gr.
1397 1704 1422 1743 ᾗ.
1439 1706 1513 1740 487,
1530 1703 1593 1743 5.),

873 1752 973 1778 tamen
990 1748 1089 1778 codd.
1105 1748 1285 1778 auctoritate
1302 1751 1408 1784 caret3
1437 1747 1549 1787 ἀτυχὴς
1564 1748 1591 1776 i's

874 1795 931 1826 est,
949 1791 1076 1830 quivoti
1091 1801 1124 1821 se
1141 1795 1313 1830 compotem
1334 1791 1468 1819 futurum
1490 1794 1592 1828 putat,

875 1835 963 1872 cnjus
980 1844 1105 1873 compos
1124 1835 1174 1864 vix
1193 1834 1256 1864 fieri
1269 1837 1385 1873 potest.
1409 1834 1517 1862 IDEM.

916 1876 1049 1916 Ὠφελεῖν
1060 1875 1190 1917 νομίζων]
1214 1876 1459 1915 Exspectaveris
1468 1885 1594 1906 accusa-

873 1921 976 1956 tivum,
989 1921 1045 1950 sed
1054 1921 1226 1951 nominativi
1238 1920 1363 1950 absoluti
1372 1918 1517 1958 exempla
1529 1917 1591 1948 vid.

875 1964 968 1992 Hom.
985 1964 1023 1993 ΙΙ.
1040 1964 1065 1992 1.
1084 1965 1154 1993 170.
1172 1961 1230 1993 οὐδὲ
1247 1962 1276 1991 σ·’
1291 1962 1339 1992 ὀΐω
1355 1960 1459 1997 ἐνθάδ’,
1487 1962 1594 2001 ἄτιμος

874 2005 933 2041 ἐὼν,
962 2005 1059 2045 ἄφενος
1087 2006 1134 2036 καὶ
1161 2007 1283 2036 πλοῦτον
1309 2005 1433 2043 ἀφύξειν,
1455 2004 1525 2034 coll.
1553 2005 1594 2034 V.

875 2051 948 2080 202.
965 2054 996 2078 et
1016 2050 1098 2079 353..
1136 2050 1195 2078 Pro
1221 2048 1336 2087 ὠφελεῖν
1351 2047 1498 2077 'nonnulli
1521 2046 1593 2076 libri

875 2092 1030 2130 ὠφελῆσαι.
1055 2092 1160 2122 IDEM.

918 2132 1060 2174 Νομίζων]
1086 2134 1215 2164 Minime
1231 2134 1261 2163 in
1276 2132 1393 2173 νομίζων
1409 2143 1476 2163 cum
1496 2131 1596 2162 Riidi.

876 2186 950 2214 gero
965 2177 1005 2206 de
1021 2177 1207 2207 nominativo
1222 2178 1362 2207 absoluto
1380 2176 1594 2214 cogitandum3

877 2220 930 2249 sed
951 2220 1016 2248 haec
1041 2224 1088 2249 est
1114 2220 1227 2250 usitata
1249 2220 1362 2259 linguae
1390 2221 1507 2249 Graecae
1524 2229 1596 2248 cou-

877 2263 1018 2297 structio,
1033 2266 1079 2298 ut,
1102 2263 1128 2292 si
1156 2273 1195 2293 ex
1218 2262 1424 2293 enuntiatione
1452 2261 1596 2302 primaria

877 2306 1010 2344 pendeat
1019 2305 1188 2336 infinitiVus
1196 2306 1276 2336 idem
1287 2306 1456 2344 subjectum
1467 2305 1594 2340 habens,

879 2352 910 2379 et
926 2348 1101 2388 subjectum
1129 2354 1160 2379 et
1181 2350 1247 2388 ejus
1273 2347 1542 2378 determinationes
1563 2348 1594 2376 in

877 2392 1064 2422 nominativo
1097 2397 1257 2430 ponantur.
1305 2392 1367 2426 Cf„
1391 2391 1418 2420 si
1442 2400 1520 2429 opus
1544 2390 1596 2425 sit,

876 2435 1017 2464 Matthiae
1029 2436 1082 2464 Gr.
1094 2436 1145 2464 Gr.
1160 2434 1186 2474 §.
1200 2435 1273 2467 5:35.
1299 2433 1449 2472 affliget-i
1462 2443 1596 2462 errorem

877 2477 997 2507 notavit
1012 2478 1102 2507 etiam
1121 2480 1193 2508 Ern.
1211 2479 1262 2509 Fr.
1280 2479 1390 2516 Poppo
1406 2476 1596 2515 Thucyd.'r.

877 2521 919 2556 1..‚
936 2531 968 2558 p.
985 2522 1058 2550 117.
1083 2522 1198 2551 BREM.

922 2560 1017 2594 Ἀλλὰ
1028 2582 1070 2586 -
1082 2563 1246 2604 αῖςεῖσθαι]
1271 2562 1348 2593 Haec
1366 2561 1517 2592 sententia
1532 2562 1596 2591 lau-

881 2606 1002 2636 datura
1018 2607 1105 2636 Stob.
1122 2608 1194 2637 147.
1208 2609 1279 2644 264
1302 2607 1332 2636 in
1357 2606 1459 2636 Bekk.
1478 2605 1597 2634 Anecd.

881 2650 910 2678 I.
930 2659 962 2688 p.
980 2652 1052 2680 119
1077 2659 1130 2688 pro
1153 2649 1230 2689 κξίνω
1254 2650 1367 2688 legitur
1390 2649 1490 2689 κρίνων,
1515 2647 1597 2686 quod

880 2702 940 2721 nun
966 2691 1147 2730 spreverim,
1173 2703 1212 2722 ex
1236 2693 1388 2733 praecedd.
1416 2691 1508 2722 facile
1535 2689 1596 2728 εἰμί

882 2735 1039 2773 suppleas.
1064 2734 1192 2765 Riimo

924 2777 976 2807 Τὸν
991 2776 1182 2818 'Agna-‘reim’
1173 2789 1216 2807 εκ-
1217 2778 1281 2819 ινον]
1307 2777 1469 2810 Aristides,
1488 2775 1598 2804 Justus

883 2820 1077 2859 cognomine,
1103 2832 1163 2850 non
1180 2821 1256 2851 nihil
1278 2822 1316 2850 ad
1334 2820 1478 2850 victorias
1495 2816 1598 2845 Mara

883 2864 1017 2893 thoniam
1043 2874 1079 2893 ac
1106 2864 1301 2894 Salaminiam
1333 2862 1473 2895 contulit,
1508 2862 1598 2895 atque

882 2907 1117 2937 Atheniensium
1148 2908 1185 2937 ad
1219 2917 1350 2946 pugnam
1374 2905 1499 2933 Plataeae
1532 2900 1597 2930 (lux

883 2954 957 2980 erat.
1003 2951 1106 2981 Eum
1094 2961 1163 2989 Jure
1180 2950 1268 2980 etiam
1282 2947 1402 2978 dixeris
1411 2945 1598 2975 Athenarum

883 2992 913 3023 in
939 2993 1061 3025 Graecia
1083 2992 1207 3033 imperii
1230 2992 1327 3035 prima
1352 2989 1470 3028 jecisse
1488 2985 1597 3017 sunda.
