1824 3171
186 145 307 183 xxxiv
625 142 665 181 H
671 140 955 181 IERONYMI
984 137 1189 179 WOLFII

186 246 332 284 factum
358 244 612 296 reprehendo,
631 245 679 284 de
699 259 774 297 quo
798 244 960 297 gratiam
987 244 1170 282 habemus
1197 239 1370 280 omnibus
1395 237 1453 290 iis,
1468 236 1534 289 qui
1558 235 1627 275 ali·

188 307 280 358 quid
306 319 433 358 operae
461 320 507 345 ac
524 307 639 345 studii
665 308 716 345 ad
733 307 772 344 id
797 307 1067 345 contulerunt:
1102 303 1172 342 sed
1188 303 1335 342 factum
1353 313 1481 339 meum
1500 311 1630 344 narro,

187 373 247 406 καί
265 384 319 407 τοι
338 371 423 420 οὐχὶ
440 372 482 423 τῇ
503 369 655 420 τετράδι,
677 371 781 406 α’λλοί
798 371 891 420 μετά
918 371 984 413 τὴν
1004 368 1238 411 πανσέληνον
1258 364 1495 414 διαμέτρησιν
1523 362 1632 408 γενό-

186 447 306 481 μενος.
364 430 518 468 Deinde
546 430 576 468 si
605 431 655 468 ad
683 443 834 467 manum
853 429 1072 467 habuissem
1091 427 1267 477 exempla
1293 422 1563 463 Demosthenis
1589 427 1629 458 et

189 491 344 541 Ulpiani
365 504 388 528 a
406 504 467 528 me
488 498 680 529 correcta:
709 490 856 528 facilius
876 496 916 527 et
935 489 1174 539 consignare,
1196 494 1236 525 et
1254 486 1331 524 suis
1350 485 1445 524 locis
1463 484 1629 521 inserere

188 552 313 590 omnia
338 552 560 603 potuissem.
617 552 730 589 Nunc
748 551 953 589 verendum
984 557 1053 596 est,
1079 562 1129 587 ne
1157 548 1335 600 quaedam
1359 553 1424 584 aut
1451 552 1627 594 transpo-

187 621 338 658 nantur,
360 620 427 650 aut
446 613 686 651 inculcentur
711 612 863 663 saepius,
883 619 949 650 aut
966 611 1230 649 detrahantur.
1286 610 1384 651 Quae
1409 606 1629 645 sollicitudo

186 674 239 711 ita
252 687 311 712 me
332 674 453 724 angit:
470 682 510 712 ut
530 675 610 725 ipse
631 675 819 711 Basileam
839 674 947 717 irem,
964 673 1148 709 cavendae
1168 670 1379 708 istiusmodi
1394 667 1632 708 confusionis

187 748 302 785 ergo:
322 736 392 773 nisi
408 743 446 773 et
461 736 642 773 servitute
658 743 697 773 et
714 734 973 772 imbecillitate
994 732 1175 783 corporis,
1195 732 1312 782 quod,
1337 732 1414 769 hoc
1442 738 1630 782 tempore,

185 808 260 834 nec
285 797 463 847 pedestre
488 797 573 842 iter,
601 810 675 834 nec
693 795 950 833 vectationem
972 794 1073 832 ferre
1102 800 1243 844 potest,
1269 793 1488 843 impedirer.
1543 792 1632 829 Tua

186 865 316 895 autem
336 857 503 896 sollertia
522 865 560 895 et
577 870 680 905 cura,
699 864 904 908 perspecta
929 857 968 894 in
997 855 1145 893 caeten‘s
1170 854 1499 892 lucubrationibus
1521 853 1631 900 meis,

185 931 262 956 non
282 932 414 970 parum
433 933 495 957 me
514 927 674 957 recreat.
731 918 845 960 Quod
866 918 896 954 si
925 918 977 954 D.
999 917 1219 966 Zwingerus
1240 915 1539 966 Amphitheatro
1559 928 1631 952 suo

186 983 401 1031 παγκοσμίῳ
421 983 480 1016 καὶ
497 983 703 1031 ἀειμνήστῳ
723 979 941 1016 exornando
961 978 1082 1015 minus
1097 984 1310 1028 occupatus
1328 983 1454 1015 esset:
1483 976 1515 1014 is
1534 987 1633 1013 unus

186 1043 227 1077 οὺ
246 1044 360 1091 μόνον
385 1041 521 1091 ἰατρὸς,
541 1042 642 1078 ἀλλὰ
663 1043 724 1078 καὶ
749 1043 947 1092 φιλόσοφος
972 1040 1077 1087 ἀνὴρ,
1106 1041 1260 1076 πολλῶν
1287 1039 1458 1083 ἀντάξιος
1485 1037 1631 1082 ἄλλων,

187 1102 290 1139 omni
314 1115 377 1139 me
397 1115 487 1139 cura
510 1102 703 1141 liberaret.
762 1102 840 1139 Sed
861 1114 948 1139 cum
968 1099 1075 1137 nefas
1097 1099 1157 1144 sit,
1189 1098 1381 1149 graviores
1400 1098 1499 1137 illius
1518 1111 1631 1136 occu-

187 1163 374 1213 pationes,
391 1166 447 1200 καὶ
464 1167 758 1215 φιλοσοφωτέρας
772 1164 899 1208 οὔσας,
920 1167 996 1203 τοῖς
1015 1161 1260 1212 ῥητορεύμασι
1279 1166 1355 1203 τοῖς
1373 1161 1555 1211 ἡμετέροις
1574 1159 1631 1196 in-

188 1225 417 1274 terpellare:
447 1225 478 1262 si
498 1224 558 1262 vel
589 1224 668 1274 ipse
686 1237 733 1262 ea
751 1237 837 1274 quae
863 1236 913 1260 ex
933 1222 1146 1260 Luteciano
1167 1229 1206 1260 et
1236 1223 1466 1272 Augustano
1494 1219 1632 1258 codice

187 1294 375 1337 excerpta
390 1294 490 1331 sunt,
511 1286 728 1337 pellegeris,
749 1285 823 1330 vel,
843 1286 890 1322 ab
911 1284 983 1321 alio
1003 1297 1079 1321 non
1098 1284 1255 1322 indocto
1272 1283 1506 1334 perlegenda
1524 1294 1631 1319 cura-

185 1348 256 1386 ris:
275 1349 389 1386 facile
407 1349 618 1400 apparebit,
639 1348 743 1398 quid,
760 1354 799 1384 et
813 1360 887 1397 quo
907 1346 1007 1391 loco,
1024 1346 1084 1384 vel
1100 1345 1368 1390 Demostheni,
1384 1345 1446 1382 vel
1462 1344 1630 1395 Ulpiano

189 1409 239 1446 sit
268 1410 527 1454 inserendum,
560 1409 654 1460 quid
679 1408 945 1446 omittendum.
1003 1407 1042 1444 Si
1061 1420 1153 1445 vero
1182 1419 1251 1458 per
1277 1406 1350 1444 alia
1379 1405 1534 1455 negotia
1558 1417 1633 1443 nec

187 1471 270 1522 ipse
296 1478 477 1522 praestare
496 1472 579 1508 haec
599 1470 779 1521 potueris,
801 1483 872 1507 nec
898 1469 1091 1507 hominem
1125 1469 1304 1506 idoneum
1334 1474 1470 1505 nactus
1498 1466 1632 1512 fueris,

189 1532 379 1570 neminem
412 1540 488 1570 tam
521 1533 727 1583 ingratum,
761 1538 836 1569 tam
864 1531 1029 1580 iniquum
1058 1531 1139 1568 fore
1168 1537 1273 1581 puto,
1305 1529 1369 1579 qui
1398 1542 1473 1566 non
1503 1528 1631 1579 potius

188 1595 353 1632 candide
381 1596 520 1646 probet
552 1608 610 1640 ea,
646 1607 731 1645 quae
750 1594 937 1638 dedimus,
968 1607 1080 1644 quam
1110 1606 1209 1643 quae,
1237 1592 1465 1630 necessitate
1493 1591 1631 1637 coacti,

189 1656 513 1706 praetermisimus,
537 1655 787 1706 importunius
816 1656 996 1705 requirat.
1052 1655 1103 1692 Et
1132 1661 1174 1691 ut
1204 1653 1368 1692 existant
1403 1653 1500 1690 tales
1529 1656 1631 1700 (sunt

190 1717 289 1754 enim
311 1717 374 1768 qui
394 1723 538 1755 metere
557 1717 686 1762 velint,
706 1716 769 1753 ubi
799 1730 873 1753 non
899 1724 1099 1754 severunt:
1130 1723 1170 1753 et
1195 1727 1241 1752 ea
1261 1715 1427 1765 exigant,
1449 1727 1536 1765 quae
1554 1728 1633 1753 non

190 1778 402 1816 dederunt:
433 1785 472 1816 et
489 1779 537 1816 ad
560 1791 669 1815 suum
689 1778 880 1815 arbitrium
901 1778 982 1815 fieri
1009 1785 1047 1816 et
1065 1778 1139 1816 dici
1166 1784 1341 1828 oportere
1368 1777 1505 1822 omnia,
1534 1790 1633 1815 som·

187 1839 309 1888 nient)
327 1840 385 1877 his
399 1853 515 1877 unum
534 1840 628 1877 illud
643 1853 865 1890 responsum
879 1841 964 1878 volo
980 1855 988 1878 :
1010 1843 1050 1877 οὺ
1065 1842 1209 1892 φροντὶς
1222 1839 1447 1892 ἱπποκλείδῃ.
1478 1841 1633 1882 Quanto

189 1900 291 1939 enim
308 1901 509 1952 supercilio
527 1901 577 1938 illi
608 1915 667 1939 me
687 1902 913 1947 accusarint,
942 1909 1045 1939 tanto
1065 1915 1131 1939 eos
1151 1901 1278 1938 animo
1298 1908 1546 1940 contemnere
1565 1902 1632 1941 de-

189 1962 317 2000 crevi:
346 1966 448 2013 μέγα
467 1973 531 2009 τῆς
552 1967 793 2015 συκοφαντίας
813 1966 1106 2015 ἀλεξιφάρμακον
1125 1963 1244 2000 πάλαι
1273 1963 1632 2014 παρεσκευασμένος,

190 2024 230 2061 τὸ
250 2024 505 2075 ἀφροντιστεῖν
531 2026 570 2061 ἐκ
589 2029 818 2075 περιουσίας,
834 2028 985 2075 μᾶλλον
1012 2025 1040 2062 δ’
1068 2025 1228 2076 ἐμφύτου
1253 2023 1467 2072 βασκανίας
1495 2025 1540 2062 τὰ
1560 2026 1631 2077 μὲν

189 2086 343 2135 ἡμέτερα
358 2083 654 2132 διαβαλλόντων,
674 2085 778 2123 οὐδὲν
799 2085 837 2122 δὲ
855 2087 988 2123 τούτων
1007 2085 1156 2133 βέλτιον
1182 2086 1220 2122 ἐκ
1247 2095 1312 2130 τῆς
1343 2085 1440 2128 ἰδίας
1465 2089 1634 2136 πολυμα-

190 2145 415 2195 ἓημοσὺνης,
448 2145 562 2190 ἧςοῦ
591 2146 800 2197 κενεώτερον
832 2149 940 2193 ἄλλο,
971 2150 1222 2199 προφερόντων
1251 2149 1311 2183 καὶ
1343 2147 1632 2186 ἐπιδεικνύντων.

191 2205 317 2256 Atque
333 2206 430 2251 haec,
452 2207 500 2244 de
515 2207 694 2257 Ulpiano,
712 2208 760 2245 de
783 2208 957 2253 Scholiis,
975 2209 1023 2246 de
1043 2209 1126 2258 ipso
1143 2208 1407 2246 Demosthene
1423 2208 1536 2255 dicta,
1556 2209 1632 2248 hoc

189 2267 278 2305 loco
296 2266 497 2306 sufficiant.
553 2268 616 2305 De
636 2269 820 2306 varietate
840 2276 966 2306 autem
988 2276 1107 2314 tanta,
1133 2276 1287 2320 tamque
1307 2269 1505 2321 multiplici
1525 2271 1632 2309 codi-

191 2341 290 2374 cum,
311 2336 352 2365 ut
378 2329 426 2366 de
445 2330 605 2367 veritate
625 2330 796 2368 lectionis
826 2343 924 2380 pene
945 2330 1137 2381 desperari
1165 2338 1293 2380 queat,
1320 2331 1432 2381 paulo
1460 2331 1633 2382 pluribus

191 2390 385 2439 agendum
409 2398 478 2427 est.
535 2392 598 2429 Ac
627 2392 785 2442 primum
815 2392 1072 2436 statuendum,
1099 2392 1270 2430 eruditos
1302 2392 1517 2443 scriptores,
1545 2407 1633 2432 cum

190 2450 476 2489 lucubrationes
502 2465 588 2490 suas
606 2453 859 2503 publicarent,
888 2453 925 2490 in
955 2453 1111 2503 singulis
1139 2453 1336 2497 sententiis
1362 2467 1438 2493 uno
1466 2455 1633 2506 quodam

191 2519 298 2550 certo
318 2511 520 2562 eloquendi
542 2527 697 2564 genere,
717 2527 792 2551 non
811 2514 980 2565 pluribus
999 2527 1042 2552 ac
1063 2514 1234 2561 diversis,
1254 2529 1337 2554 esse
1358 2530 1469 2555 usos:
1493 2530 1629 2568 eoque,

192 2573 297 2624 quod
315 2573 547 2623 aptissimum
567 2583 606 2612 et
625 2575 958 2626 elegantissimum,
990 2589 1037 2613 ex
1066 2589 1201 2626 inagna
1225 2584 1264 2614 et
1283 2578 1409 2629 ampla
1429 2579 1630 2617 verborum

190 2634 301 2684 copia
330 2635 527 2680 selectum,
548 2636 777 2684 judicarent.
834 2636 923 2674 Non
944 2637 1054 2686 igitur
1074 2644 1180 2675 tanta
1200 2638 1394 2677 diversitas
1412 2640 1459 2677 ab
1480 2639 1568 2690 ipsis
1587 2640 1633 2678 li-

190 2697 342 2734 brorum
362 2696 573 2742 autoribus,
593 2698 661 2735 sed
681 2699 728 2735 ab
749 2697 955 2735 eorundem
973 2698 1253 2747 corruptoribus
1273 2699 1535 2745 proficiscitur,
1552 2700 1635 2739 sive

192 2756 361 2803 librariis,
377 2756 454 2794 sive
474 2757 627 2803 criticis,
647 2758 725 2796 sive
747 2758 982 2796 scholiastis:
1011 2771 1171 2808 quorum
1190 2759 1227 2796 hi
1249 2761 1427 2809 postremi
1458 2774 1533 2798 uon
1554 2770 1633 2800 tam

192 2826 274 2863 sua,
299 2830 412 2868 quam
444 2817 739 2857 describentium
771 2820 882 2870 culpa
913 2819 1181 2857 mutationibus
1211 2834 1404 2870 germanae
1433 2822 1632 2873 scripturae

192 2871 434 2918 occasidnem
454 2879 652 2918 dederunt.
710 2881 949 2919 Glossemata
968 2881 1080 2926 enim,
1111 2893 1232 2931 eaque
1261 2890 1326 2919 aut
1355 2882 1510 2921 diversis
1530 2884 1634 2923 libris
