1824 3171
468 176 550 215 AD
583 174 744 215 SUUM
773 173 1071 215 DEMOSTH.
1102 176 1294 216 DEDlC.
1496 178 1609 218 lxxix

149 273 416 322 describendis
434 289 631 327 versatur;
657 287 802 333 quanto
829 281 952 332 magis
978 280 1322 319 conformationem
1350 280 1462 329 hujus
1492 281 1606 321 disci-

149 345 275 396 plinae,
298 344 560 396 rationemque
587 344 705 382 totius
737 344 981 395 eloquentiae,
1007 356 1093 394 quae
1123 350 1163 380 et
1189 343 1362 380 locorum
1383 345 1607 394 opportuni-

149 414 231 445 tate
263 407 424 445 solerter
453 407 670 458 disponere,
701 414 741 445 et
767 406 949 445 orationis
974 405 1118 443 lumine
1143 405 1342 443 luculente
1371 405 1609 456 distinguere

149 467 283 520 possit,
305 482 391 520 quae
410 469 465 506 illi
483 469 544 507 vel
565 468 778 520 prudenter
802 467 1091 518 investigarunt,
1121 467 1182 505 vel
1209 466 1410 504 artificiose
1440 467 1610 505 tradide-

147 530 261 567 runt?
291 531 456 569 Perinde
476 531 530 568 uti
558 531 596 568 in
613 531 728 569 mutis
749 543 905 583 quoque
934 529 1090 574 artibus,
1119 529 1274 566 tametsi
1293 542 1438 574 eorum,
1461 529 1524 580 qui
1545 537 1612 567 aut

146 591 187 629 in
212 591 474 631 instrumentis
501 593 769 640 conficiendis,
789 600 856 631 aut
885 593 923 630 in
952 592 1122 631 terendis
1149 591 1342 630 coloribus
1363 599 1610 638 exercentur,

146 655 291 693 nemini
320 657 509 695 subtilitas
537 657 575 694 in
596 670 665 695 suo
685 656 837 695 artificii
865 669 1009 708 genere
1030 655 1143 702 desit,
1171 654 1361 693 dissimilis
1380 662 1509 693 tamen
1529 655 1611 694 laus

147 724 187 756 et
207 719 463 757 excellentior
490 720 606 771 longe
631 719 810 758 habenda
839 726 899 757 est
927 731 974 757 ea
1002 718 1101 756 ratio
1122 715 1277 768 ingenii,
1300 730 1388 767 quae
1412 717 1451 754 in
1478 718 1613 756 tabula

145 779 463 830 perfectissimam
483 781 597 820 istam
615 780 824 832 imaginem
847 780 1041 831 exprimit,
1060 783 1166 828 quus
1186 778 1224 815 in
1245 778 1382 816 obtutu
1411 785 1524 830 atque
1545 779 1612 817 ad-

145 841 348 881 miratione
364 850 446 881 tota
465 851 656 894 occupata
676 843 748 881 erit
767 843 987 895 posteritas.

202 904 278 942 His
298 904 329 942 si
344 905 545 951 addidero,
560 904 808 943 intercedere
828 904 1022 956 quandam
1050 904 1393 950 necessitudinem,
1413 917 1490 954 qua
1518 917 1611 942 con-

143 966 321 1017 jungitur
346 966 452 1004 istius
479 967 604 1018 gentis
634 965 868 1018 eloquentia,
888 979 965 1004 non
986 965 1114 1004 dicam
1145 980 1235 1004 cum
1257 967 1355 1011 Tua⁷
1377 965 1442 1017 qui
1463 966 1614 1017 propria

146 1028 311 1079 quadam
331 1028 531 1076 felicitate,
553 1043 630 1067 non
658 1028 850 1068 communi
882 1035 1108 1067 caeterorum
1137 1028 1433 1074 exercitatione,
1462 1028 1614 1066 DEMO—

148 1101 358 1128 STHENEM
389 1091 586 1137 exscribiS,
605 1104 738 1129 verum
759 1104 846 1128 cum
869 1103 916 1128 ea
934 1090 1081 1128 ratione
1108 1091 1279 1136 dicendi,
1309 1104 1396 1141 quae
1427 1089 1543 1128 hodie
1575 1091 1613 1128 in

144 1151 244 1198 foro,
275 1152 315 1190 in
350 1152 472 1201 curia,
505 1160 545 1190 et
572 1159 710 1191 senatu
739 1151 968 1197 efflorescit;
997 1165 1020 1189 a
1038 1152 1286 1204 plurimorum
1322 1151 1502 1203 opinione
1534 1165 1613 1190 non

147 1213 362 1253 discedam.
422 1215 559 1253 Habet
578 1215 680 1253 enim
702 1213 924 1266 eloquentia
943 1213 1129 1265 quosdam
1148 1213 1256 1265 quasi
1276 1213 1401 1251 flexus
1421 1213 1557 1258 aetatis,
1576 1219 1615 1250 et

145 1275 289 1314 variam
322 1276 484 1315 subinde
509 1277 796 1315 maturitatem:
827 1284 867 1314 et
894 1276 1014 1314 omnis
1041 1283 1174 1313 noster
1200 1275 1365 1314 forensis
1384 1275 1494 1313 labor
1515 1274 1614 1324 (sive

144 1337 186 1376 id
204 1338 390 1377 industria
409 1339 456 1377 sit
473 1339 666 1385 effectum,
688 1339 768 1377 sive
795 1352 888 1377 casu
915 1338 1085 1389 quodam
1117 1338 1335 1389 contigerit,
1362 1345 1405 1375 ut
1424 1338 1474 1375 ad
1493 1350 1614 1388 quan-

146 1400 236 1438 dam
253 1401 361 1452 quasi
391 1402 681 1440 similitudinem
707 1401 1073 1452 contentionemque
1103 1399 1363 1449 deveniretur)
1393 1407 1432 1438 et
1457 1407 1614 1438 senten-

145 1461 285 1501 tiarum
305 1463 498 1510 clausulis,
521 1471 560 1502 et
579 1464 765 1502 sermonis
787 1463 990 1515 gravitate,
1022 1470 1060 1501 et
1078 1476 1224 1513 genere
1245 1462 1465 1500 lacessendi
1496 1469 1535 1500 et
1555 1475 1615 1499 re-

145 1524 375 1576 spondendi,
395 1533 477 1564 tota
496 1526 662 1578 denique
682 1526 806 1577 figura
826 1526 1021 1571 orationis,
1042 1539 1157 1576 quam
1187 1524 1452 1563 studiosissimi
1473 1525 1615 1576 quique

145 1587 321 1638 magistri
347 1588 386 1626 in
413 1588 542 1627 animo
573 1595 848 1639 conceperunt,
871 1601 1012 1639 graecae
1032 1587 1138 1625 laudi
1157 1588 1205 1625 ab
1233 1587 1338 1625 omni
1358 1594 1481 1638 parte,
1499 1600 1615 1637 quam

147 1649 336 1688 Romanae
371 1658 430 1688 est
462 1652 632 1702 propior.
689 1651 880 1688 Nimirum
911 1663 958 1688 ea
992 1647 1226 1700 eloquentia,
1256 1662 1371 1700 quam
1400 1649 1438 1686 in
1460 1649 1615 1686 DEMO-

149 1724 336 1758 STHENE,
358 1713 538 1751 torrentis
559 1713 647 1758 ritu,
670 1712 903 1764 praecipitari
923 1725 1000 1750 non
1020 1712 1101 1750 sine
1127 1712 1316 1762 religione
1337 1711 1503 1762 quadam
1526 1724 1617 1749 cou-

146 1774 389 1825 templamur,
421 1775 562 1813 deinde
594 1783 682 1827 post
710 1775 831 1812 aetatis
862 1775 1030 1826 aliquem
1061 1775 1282 1821 decursum,
1310 1775 1349 1812 in
1371 1775 1614 1820 CICERONE,

145 1837 265 1875 ubere
285 1837 442 1875 flumine
473 1839 689 1884 exundare,
710 1846 749 1876 et
768 1836 893 1875 latiori
914 1838 1061 1875 ambitu
1081 1837 1240 1875 diffundi
1261 1844 1299 1875 et
1319 1837 1522 1888 expatiari,
1534 1840 1616 1885 jam

145 1892 186 1936 in'
199 1899 401 1950 pristinum
421 1900 573 1938 alveum
594 1913 635 1938 se
656 1900 834 1951 recipere
854 1900 954 1938 velle
974 1899 1138 1939 videtur.
1196 1901 1287 1938 Non
1310 1900 1418 1952 quasi
1439 1907 1505 1938 aut
1525 1901 1616 1938 huic

145 1962 306 2014 impetu,
328 1970 394 2000 aut
412 1963 467 2000 illi
486 1964 661 2001 ubertate
691 1970 940 2015 p1·aestemus;
968 1977 1042 2001 nec
1071 1963 1178 2015 quasi
1204 1963 1243 2000 in
1274 1963 1398 2000 altero
1425 1962 1525 2000 desit
1554 1976 1616 2000 or-

148 2031 273 2070 natus,
300 2024 340 2061 in
360 2024 483 2062 altero
513 2026 728 2070 redundet;
759 2025 827 2063 sed
847 2025 951 2076 quod
967 2039 1113 2076 genere
1143 2025 1270 2064 orandi
1291 2033 1386 2063 aetas
1404 2031 1533 2063 nostra
1552 2039 1616 2064 ve-

147 2087 344 2137 locitatem
378 2087 504 2138 potius
531 2088 870 2134 DEMOSTHENIS‚
895 2101 1011 2138 quam
1041 2089 1286 2127 Coennoms
1320 2088 1471 2139 copiam
1498 2102 1616 2126 aemu-

146 2149 225 2187 lata
251 2148 312 2195 sit,
342 2149 436 2187 licet
466 2149 610 2201 ingenii
641 2150 862 2201 praestantia
893 2158 933 2188 et
960 2150 1147 2189 felicitate
1178 2150 1332 2202 utrique
1362 2151 1524 2188 multum
1553 2164 1617 2189 ce-

149 2210 297 2249 dam-us.

203 2273 256 2310 Et
285 2272 466 2324 profecto
495 2273 819 2324 quemadmodum
848 2287 894 2312 ea
925 2281 1116 2325 tempora,
1147 2287 1234 2325 quae
1264 2274 1614 2312 DEMOSTHENEM

148 2336 331 2382 tulerunt,
363 2336 570 2386 imaginem
605 2337 853 2388 Eloquentiae
882 2337 993 2375 nobis
1023 2337 1276 2388 reliquerunt,
1306 2349 1420 2388 quam
1452 2337 1619 2375 feliciter

147 2399 286 2437 imitari
305 2398 506 2450 possimus,
534 2398 587 2436 ita
605 2399 799 2449 quandam
825 2399 1114 2437 similitudinem
1134 2399 1247 2450 Reip.
1267 2412 1381 2450 quam
1406 2406 1617 2438 tueremur.

149 2461 312 2500 Graecas
339 2462 454 2499 urbes
484 2461 732 2500 Pmmppus
754 2462 804 2499 R.
831 2462 936 2500 bello
966 2461 1172 2500 lacessivit.
1228 2462 1334 2499 Inter
1360 2474 1425 2499 eas
1451 2461 1617 2500 maxime

147 2524 414 2563 inclaruerunt
436 2524 662 2562 ATHENAE:
693 2537 781 2561 nam
802 2532 842 2562 et
867 2537 1058 2562 armorum
1090 2538 1162 2562 usu
1191 2531 1229 2561 et
1261 2537 1389 2562 rerum
1420 2531 1618 2574 gestarum

149 2586 254 2625 fama
274 2599 360 2624 cum
381 2586 588 2637 plurimum
614 2599 730 2637 posse
758 2586 999 2632 videbantur,
1029 2587 1180 2624 caeteris
1209 2586 1324 2624 etiam
1356 2586 1557 2637 providere
1578 2592 1618 2623 et

148 2662 317 2701 praeesse
349 2649 538 2687 solebant.
594 2649 653 2686 Ibi
674 2662 760 2686 cum
782 2648 955 2687 Macedo
975 2649 1181 2686 nonnullas
1213 2649 1387 2686 civitates
1407 2647 1617 2698 largitioni-

149 2713 223 2750 bus
254 2725 513 2762 corrumpere,
546 2711 583 2749 vi
613 2719 653 2749 et
686 2711 883 2749 obsidione
920 2718 1128 2749 concutere
1168 2712 1297 2762 coepit,
1336 2724 1426 2748 num
1465 2710 1616 2747 DEMO-

153 2785 342 2811 STHENIS
365 2773 440 2810 Tui
461 2780 529 2811 aut
549 2774 686 2811 deerat
713 2773 751 2810 in
778 2773 1060 2824 prospiciendis
1088 2772 1270 2824 periculis
1293 2772 1471 2816 Solertia,
1494 2778 1558 2808 aut
1579 2770 1616 2807 in

153 2834 404 2874 admonendis
425 2836 687 2886 cogendisque
708 2836 819 2873 sociis
835 2836 1039 2881 Sedulitas,
1057 2844 1123 2874 aut
1142 2836 1180 2873 in
1201 2842 1431 2873 cunctorum
1448 2833 1617 2883 denique

153 2896 287 2935 animis
314 2898 528 2936 excitandis
561 2897 736 2936 Studium
759 2905 795 2935 et
819 2897 1082 2948 Eloquentia?
1114 2897 1224 2935 Alios
1255 2896 1355 2934 enim
1385 2900 1521 2931 nactus
1542 2899 1616 2938 est,

155 2971 250 3010 quos
271 2972 396 3010 neque
415 2959 609 2998 latuerunt
630 2960 785 3012 quidem
809 2961 1016 2999 Prummu
1039 2960 1198 3006 insidiae,
1220 2971 1346 3009 neque
1373 2956 1536 3008 propriae
1555 2955 1616 2993 fu.-
