1824 3171
244 184 272 224 ο
504 169 807 222 R'UDIGERI
843 178 1309 221 PROLEGOMENA
1343 183 1426 223 εω.

244 288 393 326 faciunt
412 287 572 338 primam
595 286 822 331 orationem,
842 298 887 323 ea
908 292 968 323 est
996 286 1110 324 tertio
1141 287 1227 325 loco
1256 288 1452 337 ponenda.
1511 287 1569 323 Ex
1589 284 1699 323 initio

246 362 338 387 vero
356 348 441 398 ejus
457 348 652 393 orationis,
671 360 759 397 quae
776 347 988 385 secuudum
1007 349 1264 394 tenetlocum‚
1284 347 1701 397 Lucches.concludit‚

244 411 364 462 priori
384 424 557 449 sermone
582 410 666 459 jam
695 415 908 447 commotos
927 409 1044 447 fuisse
1065 410 1209 448 animos
1229 424 1238 454 ;
1269 410 1308 448 id
1331 411 1528 460 quomodo
1548 410 1700 459 probet,

244 487 324 511 non
346 474 461 511 video
481 487 491 511 ε
525 473 639 510 immo
662 485 781 522 quum
802 472 851 509 de
870 472 1052 522 singulari
1070 473 1200 511 divino
1221 473 1427 519 beneficio,
1455 472 1502 510 de
1533 470 1703 508 imbecil-

244 535 352 573 litate
387 548 504 585 opum
535 535 724 584 Philippi,
758 533 806 576 de
836 539 966 572 mente
996 534 1188 572 sociorum
1218 522 1440 585 a'principe
1470 534 1634 572 alienata
1663 537 1704 570 et

246 597 421 646 ipsorum
441 596 580 635 civium
601 596 752 633 desidia
780 602 964 646 exponat,
986 596 1172 646 imprimis
1201 597 1348 634 animos
1382 595 1619 634 audientium
1651 593 1701 631 ad

244 672 326 696 rem
348 659 468 709 ipsam
490 663 713 696 convertere
738 658 831 695 vult.
891 657 995 695 Illud
1017 657 1273 696 Lucchesinio
1295 656 1524 702 concedam,
1545 656 1582 693 in
1605 661 1701 694 orat.

245 720 322 757 III.
346 720 448 770 vulg.
480 719 617 765 inesse,
641 733 728 770 quae
749 732 897 758 sumere
917 719 1180 769 nosjubeant,
1200 732 1355 757 omnem
1375 719 1473 757 hanc
1504 730 1582 755 rem
1608 717 1703 755 civi-

245 782 318 820 bus
345 794 422 818 non
442 794 599 832 prorsus
620 781 792 832 ignotam
812 781 942 828 fuisse,
963 782 1030 819 sed
1058 781 1195 832 quidni
1216 780 1389 819 secundo
1408 780 1497 817 loco
1516 791 1704 830 ponamus

245 855 333 880 cum
354 842 544 893 Dionysf?
588 843 738 880 Etenim
755 842 871 892 hujus
892 842 1066 881 ordinem
1087 843 1208 881 secuti
1231 848 1320 880 sunt
1338 842 1509 887 Mount.,
1528 840 1702 885 Jacobs„

244 903 428 955 Bekker.,
449 904 516 942 sed
538 905 590 942 H.
605 904 740 954 Wolf.‚
762 905 967 949 Lucches„
987 904 1138 955 Reisk.‚
1159 906 1304 954 Auger.
1325 904 1536 953 vulgatum.
1556 924 1610 930 -
1625 900 1704 939 Sed

243 965 379 1016 paucis
395 967 604 1004 dicendum
627 972 686 1004 est
705 966 752 1004 de
773 966 857 1016 ipso
878 966 969 1004 belli
999 965 1227 1018 Olynthiaci
1248 965 1367 1003 exitu.

297 1027 353 1065 Ex
372 1027 460 1066 loco
482 1029 598 1066 Dem.
619 1028 659 1066 d.
683 1028 765 1066 fals.
786 1028 859 1078 leg.
882 1032 913 1075 ξ.
935 1031 985 1067 οέ.
1007 1042 1124 1079 quem
1140 1028 1353 1074 attulimus,
1373 1025 1568 1077 apparuit,
1589 1035 1703 1074 opem

243 1089 540 1128 Atheniensium
561 1090 665 1128 omni
685 1090 855 1128 caruisse
876 1090 1020 1129 fructu.
1079 1091 1179 1128 Nam
1211 1095 1465 1140 posteaquam
1496 1085 1705 1136 Philippus

244 1150 406 1189 urbibus
428 1152 668 1190 Chalcidicis
688 1152 916 1202 expugnatis
939 1152 1158 1203 Olynthum
1179 1164 1320 1202 capere
1349 1149 1580 1188 instituisset
1602 1160 1705 1185 sum-

244 1226 425 1264 mamque
445 1221 625 1265 expertus
642 1221 744 1253 esset
761 1215 932 1265 ipsorum
951 1214 1229 1265 Olynthiorum
1247 1214 1443 1264 virtutem,
1458 1210 1625 1263 perfidia
1640 1223 1706 1248 eo-

243 1287 341 1319 rum,
362 1275 410 1312 ad
432 1289 532 1325 quos
554 1289 701 1314 summa
720 1289 848 1314 rerum
869 1276 998 1314 delata
1018 1282 1113 1322 erat,
1130 1276 1202 1313 hac
1216 1276 1311 1313 urbe
1327 1281 1384 1313 est
1398 1274 1567 1325 potitus:
1598 1272 1707 1322 quod

243 1335 401 1386 quidem
422 1350 469 1375 ex
490 1338 577 1388 ipso
598 1338 717 1376 Diod.
739 1338 819 1376 Sic.
848 1338 981 1388 (XVI.
1002 1339 1086 1386 53.)
1114 1351 1352 1389 cognoscere
1377 1337 1492 1374 licet:
1525 1335 1565 1372 τὸ
1588 1333 1624 1372 δὲ
1649 1349 1706 1371 τε-

241 1400 412 1436 λευταῖον
435 1398 596 1449 φθείρας
623 1401 793 1450 χρήμασι
823 1400 909 1438 τοὺς
935 1402 1208 1447 προεστηκότας
1231 1406 1304 1437 τῶν
1330 1396 1544 1437 Ὀλυνθίων
1574 1396 1707 1433 Εὔθυ-

244 1473 295 1510 κρ
308 1459 395 1505 ἀτη
410 1475 430 1496 ν
458 1474 495 1496 τε
516 1461 575 1496 καὶ
602 1461 641 1495 Λ
654 1474 677 1494 α
691 1458 815 1495 σθέν
829 1474 850 1501 η
864 1473 898 1504 ν,
918 1457 977 1494 διὰ
997 1461 1133 1495 τούτων
1152 1456 1403 1508 προδοθεῖσαν
1422 1460 1491 1502 τὴν
1514 1456 1708 1495 ”Ολυνθον

243 1518 331 1557 εἷλε.
362 1520 573 1570 διαρπάσας
602 1518 631 1555 δ’
659 1520 789 1565 αὐτὴν,
817 1519 875 1553 καὶ
904 1518 989 1560 τοὺς
1018 1518 1255 1560 ἐνοικοῦντας
1287 1517 1706 1569 ἐξανδραποδισάμενος,

242 1582 567 1634 ἐλαφυροπώλησε.
623 1580 705 1618 Cfr.
727 1580 843 1617 Dem.
866 1579 966 1617 Phil.
987 1579 1062 1616 III.
1084 1587 1114 1630 ξ.
1136 1578 1216 1630 ιβ’.,
1231 1578 1335 1616 unde
1355 1586 1478 1628 patet,
1501 1579 1709 1630 Apolloni·

245 1643 347 1690 dem,
370 1644 437 1694 qui
461 1643 700 1694 improbaret
730 1641 893 1680 consilia
918 1640 1180 1691 proditorum,
1211 1653 1233 1678 a
1254 1641 1401 1691 populo
1421 1641 1591 1690 ejectum
1609 1654 1707 1679 esse.

245 1705 355 1743 Idem
374 1705 516 1755 legitur
534 1705 562 1745 ἑ.
584 1704 639 1742 ιδ’.
662 1705 765 1742 med.
798 1703 904 1742 Urbe
924 1703 1101 1753 Olyntho
1121 1709 1237 1752 capta
1258 1702 1336 1753 (Ol.
1353 1707 1445 1740 108.
1467 1702 1538 1752 1.),
1561 1703 1708 1753 Philip-

228 1780 318 1817 Kpus
339 1767 569 1818 Olympicos
582 1766 655 1804 diis
671 1766 784 1803 ludos
805 1765 972 1803 instituit
992 1763 1198 1815 (Ὀλύμπια
1217 1765 1364 1811 ἐποίει).
1386 1766 1499 1802 Deru.
1521 1764 1562 1802 d.
1583 1764 1609 1802 f.
1631 1765 1705 1814 leg.

242 1832 274 1877 §.
296 1831 354 1873 νή.
386 1828 507 1866 Diod.
526 1829 565 1866 S.
588 1828 699 1865 XVI.
728 1831 792 1864 55.
848 1827 1026 1877 Ipsorum
1048 1838 1139 1863 vero
1160 1825 1401 1876 proditorum
1421 1825 1494 1863 etsi
1515 1826 1613 1863 alter
1632 1827 1706 1864 La-

246 1890 401 1928 sthenes
428 1889 533 1928 aedes
560 1903 647 1928 suas
675 1888 914 1927 contexisset
934 1887 1048 1938 lignis
1070 1887 1174 1925 dono
1195 1887 1322 1925 allatis
1348 1901 1369 1925 e
1396 1887 1646 1933 Macedonia,
1667 1894 1708 1926 et

246 1951 510 2002 Euthycrates
538 1951 656 1989 boves
687 1951 829 1988 multos
850 1950 1020 1996 aluisset,
1042 1949 1167 1999 pretio
1187 1948 1330 1986 nemini
1351 1956 1551 1987 numerato
1573 1949 1705 2000 (Dem.

246 2012 286 2050 d.
307 2011 335 2051 f.
353 2013 423 2064 leg.
444 2015 478 2059 ξ.
497 2013 580 2062 οέ.),
611 2018 738 2050 tamen
760 2012 896 2050 misere
918 2025 939 2049 a
960 2011 1142 2062 Philippo
1162 2010 1355 2049 interemti
1378 2017 1489 2055 suut;
1527 2011 1642 2049 Dem.
1663 2011 1705 2049 d.

247 2073 384 2111 Chers.
402 2077 431 2121 ξ.
446 2077 473 2111 ι’.
503 2073 625 2118 ἐπειδὴ
653 2075 719 2118 τὴν
738 2075 850 2112 πόλιν
865 2072 1087 2122 προῦδοσαν,
1109 2074 1261 2111 πάντων
1289 2073 1427 2110 κάκιστ’
1447 2075 1708 2111 ἀπολώλασιν.

247 2135 337 2173 coll.
359 2135 408 2173 de
424 2135 515 2173 Cor.
537 2139 566 2183 ξ.
588 2137 630 2172 ιέ.
645 2134 915 2174 ——Orationes
929 2134 990 2173 hae
1005 2134 1251 2186 Olynthiacae
1270 2140 1359 2172 sunt
1374 2134 1517 2172 habitae
1534 2133 1597 2174 Ol.
1614 2138 1705 2175 107.

247 2201 285 2235 4.
308 2197 496 2236 archonte
510 2197 765 2236 Callimacho.
