1824 3171
138 101 176 139 lii
573 100 902 139 HIERONYMI
932 100 1132 139 WOLF11

137 201 303 252 ter-preti,
324 214 396 241 nec
418 202 531 254 priori
551 203 706 241 editioni
725 203 902 248 decessit,
918 216 988 241 nec
1003 201 1199 254 posteriori
1218 201 1380 239 accessit
1399 201 1570 238 multum.

139 264 269 304 Quare
289 264 480 301 neminem
494 264 574 301 fore
595 277 704 314 spero
724 271 799 302 tam
815 264 995 314 iniquum,
1016 271 1057 300 ut
1072 264 1211 301 facturn
1231 263 1304 300 hoc
1323 275 1447 300 meum
1467 273 1571 299 acer-

132 323 187 361 .be
203 324 470 374 reprehendat.
527 324 798 362 Demosthenis
814 332 952 369 autem,
975 324 1023 361 de
1038 336 1113 373 quo
1133 336 1231 360 nunc
1250 323 1486 373 potissimum
1505 335 1573 359 no-

138 384 195 421 bis
224 384 414 434 agendum
434 391 504 430 est,
523 384 596 422 alia
616 385 784 422 conditio
802 385 888 422 fuit.
943 384 1043 421 Nam
1070 384 1107 420 in
1138 396 1184 420 eo
1211 383 1466 421 convertendo
1496 395 1573 420 rna-

133 446 218 494 jore
250 452 288 481 et
321 444 505 495 religione
538 452 577 482 et
611 446 808 482 verborum
841 445 1067 495 parsimonia
1100 456 1202 481 eram
1231 457 1334 489 usuS,
1359 451 1397 481 et
1415 443 1574 493 vestigia

140 505 453 543 Demosthenicae
479 506 653 543 orationis
682 518 780 556 pene
807 505 1062 556 superstitiose
1082 499 1319 555 persecutus.
1374 506 1501 546 Quare
1520 504 1578 540 fa-

139 573 240 603 ctum
260 565 344 612 fuit,
365 573 405 603 ut
426 566 563 609 alicubi
583 566 698 604 latina
717 566 837 603 oratio
857 566 970 616 paulo
991 565 1112 602 minus
1136 564 1373 603 obscuritatis
1402 565 1574 609 haberet,

136 639 250 676 quam
271 626 423 673 Graeca,
442 626 480 663 in
499 639 574 677 qua
597 626 656 663 vel
688 626 882 664 Plutarchi
913 633 951 663 et
980 625 1155 677 Dionysii
1184 626 1398 663 testimonio
1429 637 1575 662 summa

139 701 221 726 esse
241 688 408 727 creditur
429 688 664 739 intelligendi
684 702 836 739 quoque
853 688 1061 726 difficultas.
1117 690 1376 726 Accesserunt
1394 694 1432 725 et
1452 693 1575 723 errata

138 752 427 802 typographica,
462 752 638 803 opinione
669 765 753 793 mea
781 765 871 790 sane
902 759 940 790 et
966 753 1074 803 plura
1108 759 1145 789 et
1178 752 1362 802 graviora.
1436 750 1575 787 Parum

139 812 253 858 enim,
284 820 324 850 ut
352 826 392 850 re
421 813 503 863 ipsa
522 813 757 851 declaratum
776 820 845 858 est,
865 813 925 851 vel
956 813 1116 863 Oporini
1148 826 1251 859 cura,
1282 813 1339 850 vel
1370 811 1574 863 praesentia

139 887 224 916 mea
252 874 378 919 valuit,
409 882 540 912 contra
569 874 824 924 operariorum
858 875 1132 924 negligentiam
1164 882 1203 912 et
1229 873 1574 924 importunitatem:

137 948 350 985 quanquam
371 935 408 971 in
428 935 559 985 scripti
580 935 807 985 exemplaris
833 935 1155 985 perturbationem
1184 935 1307 985 culpae
1338 934 1465 985 aliqua
1490 946 1576 984 pars

140 995 305 1032 conferri
332 1002 471 1046 potest.
545 995 682 1033 Sumus
703 996 802 1033 enim
824 995 891 1046 ipsi
912 995 1008 1033 male
1038 996 1274 1046 confuseque
1300 995 1515 1039 scribendo,
1537 1001 1576 1032 et

137 1057 402 1107 expungendis
430 1064 544 1107 atque
568 1057 778 1095 inserendis
797 1057 906 1095 variis
935 1057 1185 1104 emblematis,
1202 1057 1240 1094 in
1261 1070 1387 1102 causa,
1409 1057 1492 1106 (sed
1520 1056 1576 1106 ig-

138 1117 328 1155 noscimus
346 1117 414 1168 ipsi
434 1117 557 1166 nobis)
574 1125 616 1156 ut
637 1118 721 1155 libri
746 1117 858 1155 nostri
878 1118 1081 1168 aliquando
1101 1131 1175 1155 non
1195 1118 1337 1169 optime
1357 1117 1574 1156 describan-

140 1185 213 1216 tur.
269 1178 370 1216 Nam
401 1178 584 1229 Oporino,
614 1181 724 1229 cujus
752 1178 958 1217 domestica
991 1180 1264 1217 consuetudine
1290 1192 1438 1217 menses
1471 1191 1574 1216 corn-

139 1239 265 1289 plures
294 1252 375 1276 sum
401 1253 503 1284 usus,
530 1240 638 1277 testis
666 1253 748 1278 esse
775 1253 942 1290 possum,
973 1254 1047 1291 qua
1077 1241 1316 1279 solicitudine
1346 1240 1487 1291 scripta
1516 1252 1575 1278 ar-

139 1300 306 1352 chetypa
323 1301 439 1351 legat,
461 1301 680 1352 distinguat,
701 1301 871 1348 adornet,
893 1301 1071 1340 emendet
1090 1309 1292 1353 antequam
1324 1301 1575 1340 excudantur.

139 1361 218 1399 Eas
237 1362 350 1412 igitur
368 1363 442 1402 hac
464 1363 629 1401 editione
650 1364 808 1400 mendas
837 1377 967 1400 omnes
997 1363 1151 1401 sustuli:
1180 1376 1226 1401 ac
1246 1363 1404 1401 similem
1426 1361 1576 1399 calami-

137 1428 254 1461 tatem
275 1436 387 1468 nunc,
406 1437 490 1460 cum
510 1424 635 1474 priore
665 1430 803 1463 conatu
819 1423 922 1473 quasi
943 1424 1087 1473 glacies
1108 1424 1230 1460 fracta
1249 1430 1288 1459 et
1306 1423 1366 1459 via
1384 1422 1577 1472 patefacta

138 1491 209 1528 est,
230 1484 334 1520 vitari
363 1497 474 1534 posse
504 1484 671 1520 confido.
746 1484 873 1520 Prima
900 1484 1017 1532 igitur
1047 1484 1131 1519 haec
1163 1483 1234 1519 erit
1261 1482 1371 1530 hujus
1402 1483 1577 1520 editionis

137 1544 290 1589 utilitas,
312 1551 351 1588 et
369 1543 475 1593 quasi
495 1542 764 1593 praerogativa:
793 1550 1046 1593 praeterquam
1062 1542 1165 1593 quod
1184 1543 1269 1580 haec
1289 1544 1486 1581 enchiridii
1501 1544 1578 1582 for-

136 1618 200 1643 ma
230 1605 437 1642 rationibus
467 1604 737 1648 studiosorum,
771 1617 977 1654 pauperum
1011 1604 1049 1640 in
1082 1604 1222 1654 primis,
1256 1606 1580 1643 accommodatior

139 1673 219 1706 est:
253 1673 291 1707 et
310 1679 332 1703 a
350 1665 658 1716 locupletioribus
687 1678 824 1715 magno
852 1664 1044 1710 volumini,
1062 1664 1165 1715 quod
1184 1671 1222 1702 et
1243 1666 1520 1703 commentariis
1541 1674 1579 1704 et

138 1728 295 1765 aliorum
316 1726 686 1777 interpretationibus
706 1733 764 1764 est
783 1726 1021 1777 locupletius,
1043 1725 1156 1763 facile
1176 1725 1255 1763 sine
1276 1726 1504 1764 detrimento
1524 1727 1577 1764 rei

137 1788 329 1827 familiaris
349 1788 591 1837 adjungetur.
659 1787 813 1824 Deinde
838 1786 868 1824 si
889 1799 964 1837 qua
988 1787 1049 1823 vel
1076 1786 1272 1823 obscurius
1293 1787 1496 1837 explicata,
1515 1788 1577 1825 vel

137 1849 305 1899 asperius
325 1848 513 1886 collocata
526 1848 763 1894 videbantur,
777 1847 830 1895 (id
842 1847 944 1897 quod
959 1846 996 1883 in
1012 1846 1221 1884 imitatione
1240 1858 1378 1895 graecae
1395 1846 1578 1885 elocutio-

137 1911 194 1947 nis
215 1923 299 1947 raro
320 1909 510 1959 effugitur)
533 1922 578 1946 ea
592 1909 773 1959 planiora,
791 1916 832 1946 ut
847 1920 975 1958 spero,
991 1915 1029 1945 et
1042 1907 1268 1945 dilucidiora
1283 1906 1498 1945 effecimus:
1520 1915 1574 1953 ut,

137 1978 279 2021 quanto
300 1970 414 2021 ipsius
434 1970 572 2008 autoris
591 1970 712 2007 oratio
732 1969 864 2007 melior
890 1976 928 2006 et
948 1968 1114 2006 ornatior
1133 1975 1204 2013 est,
1222 1975 1328 2004 tanto
1347 1975 1477 2005 nostra
1491 1969 1576 2019 plus

139 2032 288 2069 etlucis
310 2039 348 2069 et
364 2031 553 2072 facilitatis
579 2031 721 2068 habere
751 2031 934 2069 videatur.
993 2029 1091 2067 Sunt
1118 2029 1231 2066 etiam
1267 2029 1457 2079 explicata
1485 2043 1579 2068 non-

137 2093 242 2130 nulla
261 2095 317 2143 (ut
337 2092 416 2130 dies
433 2092 532 2129 diem
553 2091 680 2141 docet)
701 2105 785 2141 quae
811 2091 920 2128 nobis
939 2098 1027 2131 ante
1051 2090 1294 2128 dubitationis
1322 2090 1463 2140 aliquid
1482 2098 1579 2128 attu-

138 2153 274 2197 lerant.
296 2160 334 2189 et
352 2152 486 2189 relicta
503 2159 631 2189 tamen
650 2156 712 2198 (ne
730 2152 820 2201 quid
838 2164 967 2188 verum
987 2150 1235 2197 dissimulem)
1256 2150 1332 2186 sive
1354 2150 1573 2200 depravata,

139 2214 217 2258 sive
237 2213 375 2263 alioqui
394 2225 461 2263 per
490 2226 529 2249 se
554 2213 715 2250 obscura
735 2211 924 2256 nonnulla,
945 2224 1030 2261 quae
1050 2211 1154 2249 nulla
1173 2210 1470 2260 investigationis
1493 2212 1575 2249 dili-

139 2274 269 2324 gentia
287 2274 484 2311 restituere
503 2286 547 2310 ac
567 2273 765 2310 declarare
785 2272 901 2322 potui.
971 2271 1083 2313 Quod
1104 2279 1146 2309 ut
1166 2284 1238 2321 ego
1263 2271 1429 2322 ingenue
1458 2274 1575 2311 confi-

137 2342 234 2380 teor,
254 2335 306 2372 ita
325 2334 413 2371 mihi
444 2334 605 2372 candide
633 2332 780 2383 ignosci
808 2332 943 2369 velim:
972 2332 1031 2369 vel
1060 2332 1132 2369 bac
1152 2332 1199 2368 de
1227 2345 1354 2378 causa,
1383 2334 1485 2384 quod
1509 2347 1575 2372 eos

138 2396 260 2433 nodos
287 2397 343 2445 (ut
363 2395 546 2432 Horatius
572 2384 698 2443 'vocat)
718 2394 852 2443 dignos
879 2406 962 2430 esse
991 2393 1154 2438 vindice,
1177 2393 1297 2444 quivis
1327 2394 1428 2432 haud
1459 2395 1574 2433 dubie
1608 2404 1611 2406 “

137 2448 281 2507 peritus
309 2456 502 2506 utriusque
528 2455 666 2505 linguae
686 2455 897 2504 intelliget:
927 2467 1073 2503 nosque
1093 2462 1172 2491 tum
1194 2454 1434 2493 haesitationis
1463 2469 1574 2494 occa-

137 2518 296 2560 sionem,
317 2524 397 2554 tum
418 2516 660 2566 ignorationis
688 2515 974 2553 excusationem
998 2515 1160 2565 aliquam
1181 2515 1356 2553 habuisse
1382 2517 1572 2555 fatebitur.

139 2577 468 2620 Quemadmodum
489 2584 614 2614 autom
635 2576 871 2615 liberalitatis
893 2583 963 2621 cst,
983 2589 1029 2614 ea
1047 2590 1130 2626 quse
1150 2576 1304 2620 habeaS,
1326 2577 1489 2628 benigne
1509 2580 1573 2615 im-

137 2639 282 2691 pertiri:
303 2638 355 2676 sic
375 2637 577 2676 verecundi
599 2645 637 2674 ct
656 2638 850 2688 prudentis
872 2637 983 2677 animi
1005 2637 1128 2681 fuerit,
1147 2651 1203 2681 ca,
1221 2651 1306 2687 quae
1326 2651 1400 2675 non
1420 2639 1572 2685 habeas,

137 2713 161 2738 a
185 2699 497 2749 locupletioribus
530 2711 743 2748 corrogare.
801 2698 926 2748 Atque
948 2697 986 2734 id
1006 2697 1093 2734 mihi
1121 2698 1236 2735 fuisse
1265 2699 1511 2747 propositum,
1534 2708 1573 2737 et

139 2760 411 2804 Thrasonicam
443 2772 572 2795 eorum
603 2757 866 2807 arrogantiam,
888 2758 950 2807 qui
980 2770 1020 2794 sc
1050 2757 1144 2796 scire
1179 2758 1304 2798 omnia
1334 2759 1571 2808 profitentur,

140 2820 390 2872 displicuisse,
411 2819 470 2857 vel
491 2832 536 2857 ex
558 2832 604 2857 eo
626 2818 761 2868 conjici
784 2826 922 2869 potest,
945 2819 1058 2868 quod,
1083 2819 1142 2857 ubi
1165 2819 1211 2856 ad
1234 2818 1446 2867 hujusmodi
1476 2821 1570 2859 sale-
