1824 3171
573 156 649 194 AD
679 154 1147 194 DEMOSTHENEM.
1512 171 1588 197 xcv

129 261 212 300 laus
232 261 386 300 Blastus
407 259 556 312 scripsit
576 260 624 298 A.
642 263 761 300 1484.
789 259 1011 300 Montfauc.
1028 260 1121 299 ibid.
1142 260 1229 298 NB.
1250 260 1290 298 in
1310 260 1449 300 codice
1469 264 1591 304 2753.

127 323 377 361 continentur
395 321 513 360 Dem.
534 321 670 360 AEsch.
692 328 731 360 et
750 322 972 360 Aristotelis
994 321 1140 373 Opera.
1198 322 1394 360 Antonius
1422 323 1484 360 ille
1507 324 1592 361 Da-

131 384 239 422 milas
259 382 564 421 Mediolanensis
582 383 738 435 (dicitur
754 384 869 422 etiam
891 383 1102 430 Cretensis,
1121 383 1211 434 quia
1228 384 1266 421 in
1282 385 1400 422 Creta
1417 391 1529 422 natus
1551 392 1591 422 et

130 444 335 494 educatus)
366 445 584 483 Mediolani
608 446 799 492 consedit,
829 453 869 485 et
898 446 1040 485 multos
1066 446 1183 484 codd.
1215 458 1362 497 graecos
1391 446 1592 497 descripsit

132 507 236 546 circa
251 507 304 544 A.
326 509 444 546 1480.
467 510 585 547 1490.

183 568 352 607 Codices
382 569 497 620 Regii
531 569 654 608 Paris.
680 571 796 621 juxta
827 569 1059 621 Catalogum
1092 569 1331 622 impressum.
1362 573 1481 610 2930.
1527 570 1592 606 ΖΕ-

133 629 275 669 schinis
293 638 408 669 oratt.
421 638 500 670 tres
515 644 601 670 cum
618 632 784 671 Scholiis
804 631 842 669 in
857 632 922 671 ed.
945 632 1046 671 8300.
1069 636 1132 672 15.
1161 635 1281 671 2934.
1303 632 1419 670 Dem.
1435 644 1510 670 orr.
1525 634 1592 670 58.

128 699 170 731 et
191 692 293 744 Epp.
311 700 352 731 et
370 695 569 745 prooemia.
592 694 747 733 Saeculi.
768 698 829 734 10.
859 697 979 735 2935.
1006 695 1122 733 Dem.
1138 694 1227 732 vitae
1246 698 1308 733 11.
1332 694 1460 732 Oratt.
1478 697 1542 732 28.
1557 699 1596 731 et

129 755 328 806 prooemIa.
359 756 460 796 Saec.
483 759 546 796 11.
578 759 698 796 2936.
727 757 845 795 Dem.
865 770 987 809 opera
1005 770 1093 795 cum
1113 757 1265 795 Comm.
1289 756 1383 807 Ulp.
1406 763 1446 793 et
1463 755 1596 794 Schol.

130 816 236 855 ined.
266 817 366 858 Saec.
390 822 454 858 13.
492 821 613 861 2937.
644 819 763 858 Dem.
782 833 856 858 orr.
875 819 1070 858 undecim.
1092 819 1193 858 8300.
1220 822 1284 858 15.
1326 822 1446 858 2938.
1476 818 1596 857 Dem.

132 877 223 925 vita,
244 892 319 917 orr.
341 883 404 919 13.
425 881 622 920 AEschinis
635 881 715 920 vita
733 882 782 921 A.
803 885 920 922 1480.
949 884 1070 922 2939.
1092 882 1211 920 Dem.
1228 894 1303 920 orr.
1317 894 1385 919 sex
1405 888 1444 918 et
1462 879 1594 918 Schol.

131 942 249 978 Auno
271 944 388 980 1484.
415 945 536 983 2940.
558 944 675 982 Dem.
696 956 771 984 orr.
805 947 866 983 16.
899 943 997 982 8300.
1020 947 1083 982 13.
1116 946 1238 984 2941.
1267 946 1334 982 42.
1378 943 1497 981 Dem.
1518 955 1595 981 orr.

132 1001 248 1039 editae
268 1002 419 1042 duobus
442 1004 568 1044 tomis.
600 1005 702 1044 8300.
725 1008 789 1046 15.
825 1007 948 1045 2943.
976 1004 1091 1043 Dem.
1111 1018 1167 1044 or.
1188 1005 1277 1043 adv.
1299 1003 1598 1042 Aristocratem.

133 1061 234 1101 Saec.
257 1066 320 1102 15.
349 1067 468 1103 2944.
490 1065 679 1117 Ulpianus
708 1066 746 1103 in
765 1079 822 1104 or.
841 1080 912 1117 pro
934 1066 1092 1105 Corona
1120 1074 1160 1105 et
1186 1066 1376 1105 Demadis
1405 1065 1596 1117 apologia,

132 1123 232 1161 Saec.
247 1127 311 1163 15.
338 1127 458 1165 2945.
480 1126 639 1178 Ulpian.
655 1127 694 1164 in
708 1140 776 1166 sex
793 1128 910 1166 Dem.
927 1141 1001 1167 orr.
1021 1131 1084 1167 18.
1100 1128 1200 1174 8300.
1218 1132 1277 1167 16.
1309 1131 1427 1167 2946.
1444 1126 1600 1165 Scholia

128 1186 300 1224 nondum
330 1187 435 1227 edita
462 1189 501 1226 in
522 1189 641 1228 Dem.
670 1203 744 1229 orr.
769 1193 831 1230 18.
854 1189 952 1229 8300.
977 1193 1040 1229 16.
1101 1192 1222 1231 2947.
1244 1189 1375 1227 AEsch.
1408 1202 1483 1227 orr.
1504 1196 1598 1226 tres.

128 1250 250 1288 2961.
270 1248 424 1288 Libanii
443 1251 522 1289 vita
541 1251 659 1291 Dem.
680 1259 720 1290 et
740 1252 858 1291 Dem.
879 1266 954 1291 orr.
978 1253 1040 1294 17.
1061 1259 1102 1290 et
1122 1251 1293 1303 Philippi
1313 1250 1476 1302 epistola
1498 1250 1598 1288 8300.

131 1312 195 1350 15.
250 1313 370 1351 2990.
390 1312 650 1364 fragmentum
671 1320 766 1353 orat.
786 1314 906 1353 Dem.
936 1320 1120 1353 constans
1151 1314 1271 1353 tribus
1301 1312 1467 1364 paginiS,
1497 1311 1601 1350 8300.

134 1374 199 1411 16.
254 1375 375 1413 2993.
396 1374 513 1413 Dem.
545 1388 621 1414 ort.
643 1379 706 1415 13.
730 1375 830 1414 8300.
855 1379 917 1415 16.
972 1379 1094 1416 2994.
1115 1375 1233 1414 Dem.
1254 1388 1329 1413 orr.
1349 1377 1415 1412 21.
1437 1380 1478 1412 et
1497 1373 1602 1424 Epp.

133 1434 235 1473 Saec.
257 1437 321 1474 11.
376 1440 498 1477 2995.
518 1438 636 1477 Dem.
658 1452 734 1477 orr.
756 1439 904 1477 eaedem
925 1452 1014 1477 cum
1040 1451 1189 1489 argum.
1210 1445 1251 1476 et
1271 1437 1393 1475 schol.
1415 1437 1512 1475 Saec.
1537 1439 1600 1474 13.

130 1500 253 1537 2996.
272 1498 389 1537 Dem.
410 1507 450 1537 et
471 1500 603 1538 AEsch.
624 1514 701 1540 orr.
722 1501 771 1540 de
791 1501 909 1553 legat.
939 1514 1029 1540 cum
1063 1501 1183 1538 schol.
1217 1500 1319 1538 8300.
1344 1503 1406 1538 13.
1477 1500 1599 1540 2997.

132 1561 252 1600 Dem.
268 1564 334 1602 25.
356 1561 454 1600 8300.
478 1565 540 1601 13.
603 1565 724 1603 2998.
753 1564 870 1602 Dem.
893 1576 968 1602 orr.
999 1567 1062 1603 19.
1093 1570 1132 1601 et
1153 1562 1285 1600 AEsch.
1307 1561 1395 1599 duae
1418 1561 1516 1599 8300.
1537 1564 1601 1600 14.

131 1626 250 1663 2999.
270 1623 389 1662 Dem.
410 1637 481 1661 orr.
506 1626 570 1662 12.
591 1637 772 1677 anonym.
793 1625 843 1663 de
864 1625 997 1663 AEsch.
1016 1624 1096 1662 vita
1123 1623 1354 1675 Apollonius
1384 1623 1434 1660 de
1464 1622 1602 1662 AEsch.

131 1683 211 1722 vita
229 1691 306 1723 etc.
330 1684 430 1723 Saec.
450 1687 511 1723 15.
567 1689 685 1722 3000.
705 1686 823 1721 Πρω.
844 1699 920 1722 orr.
936 1689 1002 1724 20.
1021 1685 1120 1723 Saec.
1140 1688 1203 1724 15.
1260 1687 1380 1723 3001.
1393 1684 1511 1722 Dem.
1527 1697 1603 1723 orr.

135 1752 215 1785 tres
237 1746 335 1784 Saec.
357 1749 420 1785 16.
494 1747 616 1784 3002.
638 1744 770 1784 AEsch.
790 1757 866 1784 orr.
887 1752 928 1784 et
944 1746 1045 1798 Epp.
1067 1747 1166 1785 Saec.
1188 1750 1251 1785 15.
1307 1749 1427 1785 3003.
1446 1746 1602 1793 iterum,

134 1808 234 1848 8300.
255 1812 319 1848 15.
374 1810 492 1848 3004.
511 1808 572 1846 AE.
588 1814 629 1846 et
641 1806 695 1845 D.
717 1819 792 1846 orr.
809 1820 879 1859 pro
897 1821 1044 1848 corona
1065 1809 1166 1847 8300.
1190 1811 1252 1848 15.
1298 1811 1416 1847 3012.
1438 1808 1492 1846 D.
1513 1808 1604 1845 Phi-

131 1871 286 1923 lippieae
305 1884 392 1909 cum
412 1870 511 1922 Ulp.
531 1869 681 1909 Comm.
711 1868 813 1908 8300.
836 1872 900 1910 15.
966 1874 1087 1910 3021.
1108 1871 1242 1909 AEsch.
1273 1870 1376 1922 Epp.
1408 1870 1506 1908 Saec.
1539 1873 1603 1910 15.

134 1936 253 1972 3044.
274 1933 335 1972 AE.
357 1933 458 1984 Epp.
481 1932 584 1971 Saec.
606 1935 669 1972 15.
725 1935 844 1972 3044.
872 1932 1028 1980 iterum,
1049 1933 1090 1972 S.
1114 1937 1176 1973 16.
1244 1937 1364 1973 3052.
1393 1933 1534 1972 iterum
1563 1941 1604 1972 et

132 1994 287 2033 Libanii
302 1994 394 2032 Vita
409 1995 527 2033 Dem.
550 1994 649 2033 8300.
667 1997 731 2034 16.
787 1998 908 2035 3054.
925 1996 1005 2035 AEs.
1023 1995 1127 2047 Epp.
1148 1996 1188 2034 S.
1207 1999 1270 2035 15.
1326 1999 1445 2035 2995.
1460 1995 1507 2033 A.
1523 1995 1604 2034 sive

135 2057 345 2109 Appendix
373 2057 492 2096 Dem.
523 2070 599 2096 orr.
621 2057 791 2108 quinque
814 2057 911 2096 Saec.
934 2061 997 2097 14.
1070 2060 1189 2099 1760.
1220 2059 1300 2096 AEs.
1331 2058 1433 2109 Epp.
1465 2058 1506 2096 S.
1538 2061 1603 2098 15.

133 2120 254 2161 2755.
273 2118 414 2158 iterum
432 2119 472 2158 S.
491 2122 555 2159 15.
609 2122 729 2158 2832.
749 2119 888 2158 iterum
911 2119 951 2159 S.
976 2123 1037 2159 14.
1098 2124 1216 2160 1638.
1238 2121 1355 2158 Dem.
1378 2120 1542 2172 Olynth.
1565 2124 1602 2160 1.

134 2187 174 2221 et
190 2184 230 2220 2.
250 2180 290 2220 S.
310 2184 372 2221 16.
431 2182 548 2223 1773.
577 2181 741 2233 Olynth.
761 2185 799 2220 3.
831 2189 869 2220 et
890 2182 991 2221 Phil.
1015 2186 1051 2221 1.
1081 2183 1201 2220 Anno
1233 2185 1350 2224 1497.
1407 2186 1527 2222 2043.
1548 2183 1604 2222 D.

135 2256 210 2282 orr.
228 2250 380 2295 septem
402 2242 442 2281 S.
460 2246 524 2282 16.
577 2245 699 2282 2508.
717 2243 836 2281 Dem.
857 2243 935 2282 vita
960 2245 1010 2282 ab
1042 2244 1155 2283 editis
1188 2244 1339 2282 diversa
1370 2252 1410 2283 et
1441 2258 1515 2283 orr.
1539 2249 1603 2285 15.

135 2306 237 2345 Saec.
259 2308 323 2345 14.
378 2308 498 2345 2596.
515 2305 569 2344 D.
591 2305 754 2357 Olynth.
774 2308 808 2344 1.
831 2305 877 2345 A.
896 2307 1012 2348 1447.
1068 2310 1187 2346 2844.
1209 2307 1326 2346 Dem.
1344 2320 1417 2345 orr.
1439 2315 1604 2360 quatuor

134 2381 223 2408 cum
248 2367 412 2419 margin.
438 2367 650 2407 emendatt.
669 2367 718 2407 A.
740 2371 859 2408 1498.
914 2371 1035 2409 2489.
1056 2369 1174 2409 Dem.
1192 2370 1293 2422 Epp.
1321 2383 1438 2409 manu
1456 2370 1603 2422 Angeli

137 2429 316 2480 Vergetii
338 2429 378 2468 S.
402 2432 466 2469 16.

188 2493 233 2530 In
252 2492 347 2532 bibl.
369 2492 598 2532 Colbertina
617 2492 731 2531 hodie
753 2492 893 2544 Regia,
916 2495 1035 2533 3510.
1052 2494 1112 2533 AE.
1133 2495 1220 2533 adv.
1243 2495 1351 2534 Ctes.
1392 2496 1511 2536 3754.
1534 2495 1601 2537 AE.

135 2554 327 2606 quaedam.
377 2557 499 2594 4923.
540 2556 599 2593 ΖΕ.
616 2555 801 2607 epistolae.
857 2556 979 2596 4927.
1000 2555 1155 2595 iterum.
1211 2560 1332 2597 4958.
1347 2557 1496 2596 iterum.

188 2617 237 2654 In
251 2616 345 2655 bibl.
361 2616 511 2655 Baluzii
531 2618 579 2656 V.
597 2618 643 2656 C.
663 2617 781 2656 hodie
800 2617 920 2668 regia,
937 2618 1132 2670 Anonymi
1153 2620 1277 2658 oratio
1297 2627 1435 2658 contra
1451 2620 1602 2658 AEschi-

139 2691 241 2724 nem,
263 2680 376 2729 cujus
394 2679 529 2717 titulus
547 2682 610 2718 οὒκ
628 2681 778 2719 α’ντεῖπε
797 2683 845 2732 τῷ
864 2680 1051 2732 Φιλίππῳ.

193 2740 237 2777 In
255 2740 349 2779 bibl.
373 2741 608 2780 Coisliniana
637 2742 778 2781 Codex
805 2745 900 2781 249.
932 2742 1092 2779 membr.
1115 2742 1215 2781 8300.
1239 2747 1301 2782 10.
1333 2743 1603 2794 complectitur

141 2807 219 2838 tres
239 2802 370 2841 AEsch.
392 2816 464 2842 orr.
484 2817 573 2842 cum
600 2803 755 2842 scholiis
784 2803 922 2854 graeeis
941 2810 982 2841 et
1010 2803 1112 2855 Epp.
1134 2808 1197 2843 12.
1226 2807 1334 2855 cujus
1353 2806 1543 2843 variantes
1564 2804 1602 2841 in

142 2875 217 2901 orr.
235 2863 354 2906 tribus
374 2872 509 2905 nactus
531 2879 629 2906 sum.
644 2880 680 2907 v.
695 2866 916 2908 Montfauc.
930 2865 1032 2905 Bibl.
1047 2866 1166 2907 Coisl.
1181 2867 1308 2906 Video
1324 2867 1456 2918 qumi,
1474 2874 1600 2908 utrum
