1824 3171
164 110 223 150 xvi
344 109 554 146 ERASMI
586 109 711 146 ROT.
744 109 816 146 AD
849 108 1093 147 HERVAG.
1124 108 1208 145 PR.
1241 106 1408 145 PRAEF.

163 225 239 263 que
257 220 296 250 te
314 219 455 259 manet,
475 220 517 250 ut
535 225 671 264 pueros
687 212 877 250 elementa
895 211 1097 249 docentem
1114 209 1292 258 Occupet
1310 208 1348 244 in
1362 207 1454 246 vicis
1476 207 1599 247 Sosio-

165 287 249 311 rum
267 274 381 312 balba
399 281 589 312 senectus·
637 273 843 310 Plurimum
865 272 964 310 enim
984 271 1114 315 refert,
1137 269 1200 319 qui
1219 281 1357 307 succus
1377 269 1510 308 rudem
1527 271 1597 308 eti-

165 349 316 374 amnum
345 335 485 386 ingenii
514 335 688 373 testulam
718 335 871 370 imbuat.
929 332 1083 370 Utiliter
1111 329 1264 380 quidem
1290 330 1450 381 primam
1469 331 1596 368 Latini

166 397 352 434 sermonis
371 397 644 434 institutionem
659 394 843 433 aselectis
861 392 984 443 poetis
1004 391 1312 441 auspicabantur,
1330 391 1431 442 quod
1444 392 1483 428 hi
1498 405 1596 442 prae-

163 465 225 495 ter
243 459 400 495 virtutes
420 457 613 501 oratorias,
633 457 774 493 habent
793 452 935 503 aliquid
962 451 1104 502 proprii
1123 451 1252 490 nitoris
1272 465 1318 490 ac
1333 453 1596 502 jucunditatis,

164 533 241 570 qua
260 520 365 558 velut
384 533 485 564 esca,
505 519 679 556 dulcibus
698 515 816 565 magis
837 526 949 564 quam
974 513 1188 551 salubribus
1215 515 1386 565 gaudens
1405 523 1498 553 aetas
1517 515 1598 553 alli-

164 581 285 619 ciatur
303 580 349 619 ad
370 581 575 619 studiorum
597 590 775 615 amorem.
830 577 967 626 Itaque
993 575 1163 626 quisquis
1191 575 1350 613 Latinos
1378 585 1513 627 poetas
1542 577 1597 614 in-

163 643 314 692 telligit,
335 642 474 680 rectius
493 639 677 687 intelliget
697 645 878 675 oratores.
934 635 1054 687 A-pud
1071 636 1232 675 Graecos
1248 636 1393 675 diversa
1411 638 1507 675 ratio
1526 645 1598 676 est.

165 703 329 741 Tantum
349 704 445 740 enim
467 699 690 736 discriminis
702 705 760 735 est
775 698 874 736 inter
890 705 1088 749 poetarum
1108 705 1147 736 et
1167 705 1356 737 oratorum
1377 698 1598 745 dictionem,

164 772 207 801 ut
225 764 357 801 credas
377 763 460 798 illos
479 760 628 797 diversa
653 759 784 809 lingua
808 759 925 810 loqui.
981 759 1118 810 quue
1137 759 1191 805 fit,
1211 767 1254 797 ut
1273 760 1338 810 qui
1357 772 1380 797 a
1398 760 1521 811 poetis
1540 760 1597 798 fe-

163 832 297 862 cerunt
317 821 558 859 institutionis
585 821 854 865 rudimentum,
873 833 990 870 quum
1009 820 1058 858 ad
1077 827 1271 858 oratorum
1289 821 1493 859 lectionem
1512 834 1598 860 sese

163 883 405 926 contulerint,
424 881 586 919 subinde
606 881 711 918 velut
733 881 772 917 in
800 881 1000 931 peregrino
1025 893 1203 918 sermone
1227 882 1414 927 restiterit,
1442 890 1482 919 et
1505 883 1599 920 licet

160 945 251 995 quid
271 955 431 993 querque
450 955 525 979 vox
546 942 729 987 declaret,
751 955 827 978 non
846 942 1036 992 ignorent,
1056 949 1187 979 tamen
1207 955 1360 980 sensum
1377 956 1454 980 non
1474 944 1597 993 perci·

158 1006 274 1056 piant.
331 1004 374 1040 In
392 1017 506 1041 causa
526 1010 584 1041 est
604 1003 853 1048 schematum,
870 1011 1067 1054 troporum
1087 1009 1127 1041 et
1139 1004 1358 1041 idiomatum
1371 1005 1596 1055 proprietas,

157 1067 194 1103 in
223 1065 358 1116 quibus
385 1065 488 1102 haud
517 1065 571 1101 ita
596 1064 755 1101 multum
785 1064 1017 1114 opitulantur
1046 1063 1202 1102 Lexiea.
1258 1065 1348 1102 Hac
1378 1064 1530 1115 quidem
1557 1065 1596 1102 in

157 1135 263 1177 parte
282 1126 502 1176 praeclaram
524 1138 679 1175 operam
699 1129 775 1166 τοῖς
794 1128 1063 1175 φιλογλώττοις
1082 1125 1234 1162 navavit
1253 1125 1496 1163 Guilhelmus
1517 1126 1596 1163 Bu-

158 1189 275 1225 ufens.
332 1187 476 1224 Verum
499 1193 539 1222 ut
566 1185 776 1236 puerilibus
795 1185 955 1235 ingeniis
977 1185 1163 1223 Romanae
1182 1186 1346 1237 Linguae
1366 1200 1442 1224 non
1470 1187 1598 1225 statim

157 1248 423 1287 accommodus
451 1254 508 1285 est
527 1247 585 1283 M.
608 1247 770 1291 Tullius,
798 1247 876 1296 qui,
902 1247 1020 1285 Fabio
1039 1247 1185 1296 judice,
1210 1248 1304 1285 nulli
1323 1248 1434 1286 valde
1456 1249 1596 1299 placet,

156 1310 225 1348 nisi
246 1310 308 1360 qui
322 1312 400 1357 jam
422 1307 577 1358 egregie
595 1307 828 1358 profecerit:
867 1308 921 1345 ita
949 1308 1175 1347 Graecarum
1201 1309 1397 1347 literarum
1420 1310 1596 1361 peritiam

155 1370 408 1409 ambientibus
428 1382 503 1406 non
532 1369 694 1406 arbitror
718 1369 926 1407 admodum
956 1371 1160 1408 convenire
1189 1371 1506 1418 Demosthenem,
1533 1373 1596 1423 qui

156 1433 239 1483 plus
260 1431 346 1469 artis
365 1431 483 1467 habet
502 1430 540 1466 in
560 1443 729 1475 recessu,
752 1443 866 1480 quam
894 1431 1012 1481 prima
1038 1431 1165 1469 fronte
1184 1445 1260 1482 prae
1287 1446 1329 1470 se
1347 1433 1460 1471 ferat.
1516 1433 1596 1471 Hic

155 1493 265 1537 enim,
286 1491 387 1543 quod
407 1491 618 1529 honorifico
640 1494 731 1539 joco
759 1492 855 1529 dixit
875 1492 1086 1538 Demades,
1106 1492 1253 1544 scripsit
1272 1494 1321 1531 ad
1340 1507 1490 1545 aquam,
1521 1507 1596 1532 nec

156 1554 224 1591 nisi
243 1567 264 1591 a
283 1553 414 1591 sobriis
434 1566 480 1590 ac
501 1552 741 1603 vigilantibus
766 1560 894 1604 potest
925 1553 1096 1604 intelligi.
1152 1554 1320 1592 Proinde
1340 1556 1444 1606 quod
1464 1556 1512 1593 de
1534 1555 1595 1593 Μ.

157 1615 283 1652 Tullio
303 1615 448 1665 scripsit
464 1614 625 1656 Quintus
639 1614 790 1661 Fabius,
808 1616 888 1665 pari
903 1618 989 1663 jure
1010 1616 1057 1652 de
1074 1616 1338 1654 Demosthene
1354 1617 1427 1654 dici
1443 1624 1570 1668 potest
1585 1631 1594 1656 :

154 1676 185 1713 is
205 1690 244 1714 se
262 1677 357 1714 sciat
375 1676 412 1712 in
433 1682 512 1713 arte
529 1675 683 1713 dicendi
702 1676 926 1726 profecisse,
942 1676 1002 1714 cui
1021 1677 1305 1715 Demosthenes
1315 1678 1424 1716 valde
1440 1679 1596 1729 placere

156 1738 322 1789 coeperit.
379 1736 710 1779 Quemadmodum
726 1737 858 1774 tabula
877 1751 1017 1787 magno
1037 1738 1194 1776 artificio
1215 1739 1367 1789 depicta
1386 1753 1498 1777 nemo
1519 1753 1596 1778 ma-

155 1813 322 1849 gnopere
349 1799 560 1836 delectatur
580 1798 670 1835 artis
690 1798 900 1849 imperit-AS,
921 1799 974 1836 ita
1000 1800 1275 1838 Demosthenis
1302 1801 1470 1838 divinum
1497 1802 1593 1840 illud

156 1868 192 1897 et
213 1860 311 1910 quod
332 1860 590 1897 facundissimi
606 1860 746 1910 quique
765 1873 915 1910 semper
929 1860 967 1896 in
987 1873 1034 1898 eo
1054 1861 1175 1898 mirati
1197 1868 1299 1906 sunt,
1315 1862 1354 1899 τὸ
1371 1862 1500 1907 δεινὸν,
1517 1877 1594 1901 non

154 1922 321 1963 sentitur,
340 1921 411 1958 nisi
429 1928 467 1958 et
486 1921 684 1958 rhetoricis
699 1922 1021 1972 praeceptionibus
1041 1922 1274 1972 exercitatis,
1295 1931 1334 1961 et
1353 1924 1594 1962 historiarum

155 1980 371 2029 cognitione
392 1980 589 2017 instructis.
645 1980 779 2030 Itaque
799 1981 935 2031 patiar,
956 1989 997 2018 ut
1016 1995 1113 2032 puer
1140 1982 1294 2032 quidem
1313 1984 1496 2034 degustet
1513 1985 1595 2024 De-

154 2040 402 2084 mosthenem,
423 2041 490 2078 sed
508 2040 557 2077 ad
577 2054 662 2077 eum
681 2041 779 2078 serio
795 2041 942 2086 redeat,
954 2045 1032 2090 jam
1053 2042 1178 2080 factus
1197 2044 1392 2090 oculatior,
1413 2058 1488 2095 quo
1508 2059 1593 2096 per-

153 2100 281 2149 spiciat
313 2101 410 2138 illam
439 2114 527 2138 vere
557 2102 708 2139 atticam
738 2115 930 2147 venerem,
959 2103 1053 2140 illud
1082 2116 1280 2142 excussum
1303 2106 1502 2152 judicium,
1530 2107 1594 2145 illa

154 2175 299 2198 summo
320 2162 477 2199 artificio
496 2170 668 2199 contorta
683 2163 981 2213 enthymemata,
998 2171 1191 2214 postremo
1204 2165 1277 2202 vim
1296 2166 1398 2203 illam
1420 2167 1595 2206 omnibus

154 2223 425 2266 admirabilem,
447 2223 507 2260 vix
530 2224 594 2260 ulli
622 2224 853 2262 imitabilem.
911 2225 1080 2275 Elegans
1109 2225 1257 2263 interim
1277 2226 1392 2265 fuerit
1411 2230 1596 2268 exercita-

153 2284 220 2327 tio,
237 2285 338 2334 quod
359 2297 381 2320 a
399 2285 587 2321 veteribus
607 2285 795 2322 nonnullis
813 2285 955 2323 factum
976 2295 1034 2324 est
1053 2287 1090 2324 in
1112 2288 1288 2326 Homero
1310 2302 1354 2327 ac
1375 2290 1542 2341 Virgilio,
1563 2291 1593 2328 si

156 2345 238 2396 quis
258 2345 354 2381 idem
377 2345 491 2382 faeiat
508 2346 544 2382 in
567 2347 827 2384 Demosthene
843 2354 882 2384 et
902 2348 961 2385 M.
983 2348 1122 2394 Tullio,
1144 2356 1184 2386 ut
1205 2362 1255 2387 ex
1271 2350 1473 2389 collatione
1492 2352 1595 2390 loco-

155 2420 237 2443 rum
259 2407 532 2456 depreheudat‚
555 2408 646 2457 quid
674 2409 736 2446 hic
763 2410 810 2446 ab
838 2409 902 2446 illo
926 2410 974 2447 sit
1004 2417 1208 2456 mutuatus,
1230 2419 1269 2449 et
1297 2412 1362 2450 ubi
1388 2421 1516 2452 noster
1544 2415 1592 2451 sit

157 2468 296 2506 Gru-veo
315 2481 395 2518 par,
417 2468 479 2504 ubi
500 2470 683 2518 superior,
705 2471 766 2506 ubi
787 2472 833 2507 ab
854 2472 1060 2522 exemplari
1090 2473 1259 2510 nonnihil
1281 2474 1491 2525 degeneret
1510 2476 1591 2513 imi-

155 2530 261 2566 tatio.
318 2529 392 2564 Vix
415 2529 486 2565 alia
511 2543 568 2565 res
594 2544 703 2580 aeque
730 2532 908 2569 conducit
936 2533 984 2570 ad
1016 2534 1222 2583 parandum
1245 2535 1446 2583 judicium.
1502 2537 1592 2575 Non

156 2590 216 2626 hie
235 2598 450 2639 sumpturus
470 2603 551 2626 sum
578 2604 727 2640 operam
751 2592 785 2628 in
808 2592 997 2631 laudando
1019 2595 1295 2641 Demosthene,
1316 2597 1365 2634 ad
1384 2610 1496 2647 quem
1524 2611 1594 2649 pro

156 2651 340 2701 dignitate
369 2651 651 2700 prandicandum
681 2666 775 2702 opus
807 2662 907 2692 esset
932 2656 1146 2706 eloquentia
1167 2657 1487 2697 Demosthenica:
1517 2659 1593 2696 imo

156 2712 258 2749 nulla
277 2712 400 2762 potius
421 2725 515 2761 opus
545 2719 604 2748 est
622 2713 836 2762 eloquentia
856 2716 904 2752 nd
923 2729 1009 2753 euin
1030 2716 1276 2763 laudandum,
1299 2731 1411 2770 quem
1432 2733 1506 2757 uno
1527 2732 1593 2757 ore

156 2774 192 2809 in
213 2773 348 2810 coelum
366 2773 490 2810 ferunt
506 2786 655 2810 onmes:
678 2787 749 2811 nec
764 2775 829 2811 tibi
846 2777 973 2814 calcar
993 2777 1135 2816 addere
1150 2780 1326 2826 studebo,
1345 2780 1490 2831 Georgi
1507 2781 1595 2818 cha—

157 2835 314 2879 rissime,
345 2847 457 2884 quem
485 2834 678 2885 conspicio
707 2835 740 2871 in
766 2835 838 2874 hoc
870 2838 1119 2886 pulcherrimo
1150 2841 1274 2879 stadio
1307 2849 1432 2891 tuapte
1455 2851 1593 2892 sponte
