<?xml version="1.0" encoding="UTF-8"?>
<!DOCTYPE html PUBLIC "-//W3C//DTD XHTML 1.0 Transitional//EN"
    "http://www.w3.org/TR/xhtml1/DTD/xhtml1-transitional.dtd">
<html xmlns="http://www.w3.org/1999/xhtml" xml:lang="en" lang="en">
 <head>
  <title>
</title>
<meta http-equiv="Content-Type" content="text/html;charset=utf-8" />
  <meta name='ocr-system' content='tesseract 3.04.00' />
  <meta name='ocr-capabilities' content='ocr_page ocr_carea ocr_par ocr_line ocrx_word'/>
</head>
<body>
  <div class='ocr_page' id='page_1' title='image "./oratoresatticie05dobs_0157.png"; bbox 0 0 1824 3171; ppageno 0'>
   <div class='ocr_carea' id='block_1_1' title="bbox 578 219 1563 258">
    <p class='ocr_par' dir='ltr' id='par_1_1' title="bbox 578 219 1563 258">
     <span class='ocr_line' id='line_1_1' title="bbox 578 219 1563 258; baseline -0.001 0"><span class='ocrx_word' id='word_1_1' title='bbox 578 221 649 258; x_wconf 82' lang='lat' dir='ltr'>AD</span> <span class='ocrx_word' id='word_1_2' title='bbox 683 219 1116 258; x_wconf 86' lang='lat' dir='ltr'>DEMOSTHENEM.</span> <span class='ocrx_word' id='word_1_3' title='bbox 1464 219 1563 257; x_wconf 70' lang='lat' dir='ltr'>cxlix</span> 
     </span>
    </p>
   </div>
   <div class='ocr_carea' id='block_1_2' title="bbox 125 317 1579 3016">
    <p class='ocr_par' dir='ltr' id='par_1_2' title="bbox 125 317 1579 3016">
     <span class='ocr_line' id='line_1_2' title="bbox 134 317 1565 368; baseline -0.007 -2"><span class='ocrx_word' id='word_1_4' title='bbox 134 329 245 365; x_wconf 78' lang='lat'>1501.</span> <span class='ocrx_word' id='word_1_5' title='bbox 268 326 410 365; x_wconf 88' lang='lat' dir='ltr'>editum</span> <span class='ocrx_word' id='word_1_6' title='bbox 431 321 695 366; x_wconf 87' lang='lat' dir='ltr'>Prudentium,</span> <span class='ocrx_word' id='word_1_7' title='bbox 715 321 775 358; x_wconf 91' lang='lat' dir='ltr'>cui</span> <span class='ocrx_word' id='word_1_8' title='bbox 796 320 928 357; x_wconf 87' lang='lat' dir='ltr'>addita</span> <span class='ocrx_word' id='word_1_9' title='bbox 944 327 1033 357; x_wconf 88' lang='lat' dir='ltr'>sunt</span> <span class='ocrx_word' id='word_1_10' title='bbox 1053 319 1127 356; x_wconf 86' lang='lat' dir='ltr'>alia</span> <span class='ocrx_word' id='word_1_11' title='bbox 1153 317 1349 367; x_wconf 82' lang='lat' dir='ltr'>complura</span> <span class='ocrx_word' id='word_1_12' title='bbox 1379 319 1565 368; x_wconf 91' lang='lat' dir='ltr'>opuscula</span> 
     </span>
     <span class='ocr_line' id='line_1_3' title="bbox 130 376 1565 437; baseline -0.007 -12"><span class='ocrx_word' id='word_1_13' title='bbox 130 386 339 437; x_wconf 83' lang='lat' dir='ltr'>argumenti</span> <span class='ocrx_word' id='word_1_14' title='bbox 366 383 577 429; x_wconf 88' lang='lat' dir='ltr'>sanctioris,</span> <span class='ocrx_word' id='word_1_15' title='bbox 603 395 689 432; x_wconf 71' lang='lat' dir='ltr'>quae</span> <span class='ocrx_word' id='word_1_16' title='bbox 710 388 887 419; x_wconf 79' lang='lat' dir='ltr'>recenset</span> <span class='ocrx_word' id='word_1_17' title='bbox 906 380 1102 418; x_wconf 84' lang='lat' dir='ltr'>Fabricius</span> <span class='ocrx_word' id='word_1_18' title='bbox 1132 378 1176 416; x_wconf 82' lang='lat' dir='ltr'>B.</span> <span class='ocrx_word' id='word_1_19' title='bbox 1203 376 1255 415; x_wconf 93' lang='lat' dir='ltr'>G.</span> <span class='ocrx_word' id='word_1_20' title='bbox 1275 377 1320 414; x_wconf 92' lang='lat' dir='ltr'>T.</span> <span class='ocrx_word' id='word_1_21' title='bbox 1344 378 1394 414; x_wconf 92' lang='lat' dir='ltr'>X.</span> <span class='ocrx_word' id='word_1_22' title='bbox 1415 391 1453 428; x_wconf 88' lang='lat' dir='ltr'>p.</span> <span class='ocrx_word' id='word_1_23' title='bbox 1475 380 1565 416; x_wconf 81' lang='lat'>332.</span> 
     </span>
     <span class='ocr_line' id='line_1_4' title="bbox 128 437 1566 490; baseline -0.007 -6"><span class='ocrx_word' id='word_1_24' title='bbox 128 447 266 485; x_wconf 85' lang='lat' dir='ltr'>deinde</span> <span class='ocrx_word' id='word_1_25' title='bbox 294 443 454 483; x_wconf 83' lang='lat' dir='ltr'>triennio</span> <span class='ocrx_word' id='word_1_26' title='bbox 485 442 783 481; x_wconf 83' lang='lat' dir='ltr'>Demosthenem</span> <span class='ocrx_word' id='word_1_27' title='bbox 815 440 994 478; x_wconf 91' lang='lat' dir='ltr'>Aldinum</span> <span class='ocrx_word' id='word_1_28' title='bbox 1034 442 1104 478; x_wconf 90' lang='lat' dir='ltr'>sub</span> <span class='ocrx_word' id='word_1_29' title='bbox 1143 438 1257 490; x_wconf 82' lang='lat' dir='ltr'>praelo</span> <span class='ocrx_word' id='word_1_30' title='bbox 1286 437 1458 483; x_wconf 72' lang='lat' dir='ltr'>haesisse,</span> <span class='ocrx_word' id='word_1_31' title='bbox 1486 446 1566 475; x_wconf 88' lang='lat' dir='ltr'>tum</span> 
     </span>
     <span class='ocr_line' id='line_1_5' title="bbox 132 499 1567 557; baseline -0.007 -12"><span class='ocrx_word' id='word_1_32' title='bbox 132 507 257 557; x_wconf 85' lang='lat' dir='ltr'>magni</span> <span class='ocrx_word' id='word_1_33' title='bbox 276 506 415 543; x_wconf 88' lang='lat' dir='ltr'>fecisse</span> <span class='ocrx_word' id='word_1_34' title='bbox 435 505 590 551; x_wconf 88' lang='lat' dir='ltr'>Aldum,</span> <span class='ocrx_word' id='word_1_35' title='bbox 609 503 889 554; x_wconf 84' lang='lat' dir='ltr'>magnificeque</span> <span class='ocrx_word' id='word_1_36' title='bbox 912 502 1195 553; x_wconf 86' lang='lat' dir='ltr'>depraedicasse</span> <span class='ocrx_word' id='word_1_37' title='bbox 1216 500 1273 537; x_wconf 91' lang='lat' dir='ltr'>sui</span> <span class='ocrx_word' id='word_1_38' title='bbox 1295 499 1567 536; x_wconf 82' lang='lat' dir='ltr'>Demosthenis</span> 
     </span>
     <span class='ocr_line' id='line_1_6' title="bbox 129 559 1567 619; baseline -0.006 -13"><span class='ocrx_word' id='word_1_39' title='bbox 129 567 372 619; x_wconf 77' lang='lat' dir='ltr'>elegantIam,</span> <span class='ocrx_word' id='word_1_40' title='bbox 391 574 429 605; x_wconf 88' lang='lat' dir='ltr'>et</span> <span class='ocrx_word' id='word_1_41' title='bbox 446 579 575 605; x_wconf 90' lang='lat' dir='ltr'>curam</span> <span class='ocrx_word' id='word_1_42' title='bbox 592 566 628 603; x_wconf 92' lang='lat' dir='ltr'>in</span> <span class='ocrx_word' id='word_1_43' title='bbox 649 565 734 615; x_wconf 90' lang='lat' dir='ltr'>ejus</span> <span class='ocrx_word' id='word_1_44' title='bbox 749 563 1019 602; x_wconf 83' lang='lat' dir='ltr'>emendatione</span> <span class='ocrx_word' id='word_1_45' title='bbox 1038 562 1216 614; x_wconf 81' lang='lat' dir='ltr'>positam.</span> <span class='ocrx_word' id='word_1_46' title='bbox 1265 560 1418 598; x_wconf 85' lang='lat' dir='ltr'>Chartae</span> <span class='ocrx_word' id='word_1_47' title='bbox 1436 559 1567 608; x_wconf 87' lang='lat' dir='ltr'>utique</span> 
     </span>
     <span class='ocr_line' id='line_1_7' title="bbox 127 620 1568 680; baseline -0.006 -14"><span class='ocrx_word' id='word_1_48' title='bbox 127 635 216 666; x_wconf 89' lang='lat' dir='ltr'>sunt</span> <span class='ocrx_word' id='word_1_49' title='bbox 233 628 400 673; x_wconf 87' lang='lat' dir='ltr'>mundae,</span> <span class='ocrx_word' id='word_1_50' title='bbox 419 628 499 680; x_wconf 88' lang='lat' dir='ltr'>typi</span> <span class='ocrx_word' id='word_1_51' title='bbox 527 640 594 678; x_wconf 91' lang='lat' dir='ltr'>pro</span> <span class='ocrx_word' id='word_1_52' title='bbox 622 626 696 664; x_wconf 82' lang='lat' dir='ltr'>ista</span> <span class='ocrx_word' id='word_1_53' title='bbox 722 631 838 663; x_wconf 84' lang='lat' dir='ltr'>aetate</span> <span class='ocrx_word' id='word_1_54' title='bbox 865 625 969 671; x_wconf 89' lang='lat' dir='ltr'>belli,</span> <span class='ocrx_word' id='word_1_55' title='bbox 998 624 1118 662; x_wconf 87' lang='lat' dir='ltr'>editio</span> <span class='ocrx_word' id='word_1_56' title='bbox 1147 623 1200 661; x_wconf 93' lang='lat' dir='ltr'>sic</span> <span class='ocrx_word' id='word_1_57' title='bbox 1230 622 1322 659; x_wconf 84' lang='lat' dir='ltr'>satis</span> <span class='ocrx_word' id='word_1_58' title='bbox 1351 620 1568 659; x_wconf 76' lang='lat' dir='ltr'>emendata.</span> 
     </span>
     <span class='ocr_line' id='line_1_8' title="bbox 130 681 1568 741; baseline -0.006 -15"><span class='ocrx_word' id='word_1_59' title='bbox 130 690 284 728; x_wconf 87' lang='lat' dir='ltr'>Mendis</span> <span class='ocrx_word' id='word_1_60' title='bbox 308 689 462 741; x_wconf 90' lang='lat' dir='ltr'>quidem</span> <span class='ocrx_word' id='word_1_61' title='bbox 482 689 630 727; x_wconf 89' lang='lat' dir='ltr'>laborat</span> <span class='ocrx_word' id='word_1_62' title='bbox 651 687 772 725; x_wconf 89' lang='lat' dir='ltr'>multo</span> <span class='ocrx_word' id='word_1_63' title='bbox 798 686 1057 738; x_wconf 86' lang='lat' dir='ltr'>paucioribus,</span> <span class='ocrx_word' id='word_1_64' title='bbox 1083 696 1198 736; x_wconf 91' lang='lat' dir='ltr'>quam</span> <span class='ocrx_word' id='word_1_65' title='bbox 1217 696 1287 734; x_wconf 87' lang='lat' dir='ltr'>pro</span> <span class='ocrx_word' id='word_1_66' title='bbox 1307 682 1415 720; x_wconf 85' lang='lat' dir='ltr'>istius</span> <span class='ocrx_word' id='word_1_67' title='bbox 1436 681 1568 720; x_wconf 87' lang='lat' dir='ltr'>saeculi</span> 
     </span>
     <span class='ocr_line' id='line_1_9' title="bbox 127 743 1568 801; baseline -0.006 -12"><span class='ocrx_word' id='word_1_68' title='bbox 127 751 320 797; x_wconf 80' lang='lat' dir='ltr'>tarditate,</span> <span class='ocrx_word' id='word_1_69' title='bbox 338 751 376 788; x_wconf 89' lang='lat' dir='ltr'>in</span> <span class='ocrx_word' id='word_1_70' title='bbox 405 749 535 801; x_wconf 89' lang='lat' dir='ltr'>primis</span> <span class='ocrx_word' id='word_1_71' title='bbox 562 750 747 787; x_wconf 89' lang='lat' dir='ltr'>bonarum</span> <span class='ocrx_word' id='word_1_72' title='bbox 771 747 966 785; x_wconf 85' lang='lat' dir='ltr'>literarum</span> <span class='ocrx_word' id='word_1_73' title='bbox 994 746 1174 791; x_wconf 80' lang='lat' dir='ltr'>exordiis,</span> <span class='ocrx_word' id='word_1_74' title='bbox 1192 745 1230 782; x_wconf 90' lang='lat' dir='ltr'>in</span> <span class='ocrx_word' id='word_1_75' title='bbox 1250 750 1358 782; x_wconf 87' lang='lat' dir='ltr'>tanta</span> <span class='ocrx_word' id='word_1_76' title='bbox 1377 743 1568 782; x_wconf 89' lang='lat' dir='ltr'>subsidio-</span> 
     </span>
     <span class='ocr_line' id='line_1_10' title="bbox 125 805 1569 863; baseline -0.006 -13"><span class='ocrx_word' id='word_1_77' title='bbox 125 826 207 851; x_wconf 90' lang='lat' dir='ltr'>rum</span> <span class='ocrx_word' id='word_1_78' title='bbox 236 813 448 852; x_wconf 82' lang='lat' dir='ltr'>criticorum</span> <span class='ocrx_word' id='word_1_79' title='bbox 477 811 649 863; x_wconf 88' lang='lat' dir='ltr'>penuria,</span> <span class='ocrx_word' id='word_1_80' title='bbox 675 815 930 861; x_wconf 86' lang='lat' dir='ltr'>exspectetur.</span> <span class='ocrx_word' id='word_1_81' title='bbox 986 809 1068 846; x_wconf 91' lang='lat' dir='ltr'>Imo</span> <span class='ocrx_word' id='word_1_82' title='bbox 1093 808 1223 845; x_wconf 85' lang='lat' dir='ltr'>insunt</span> <span class='ocrx_word' id='word_1_83' title='bbox 1248 805 1281 844; x_wconf 89' lang='lat' dir='ltr'>ei</span> <span class='ocrx_word' id='word_1_84' title='bbox 1310 805 1441 843; x_wconf 85' lang='lat' dir='ltr'>multae</span> <span class='ocrx_word' id='word_1_85' title='bbox 1461 818 1569 855; x_wconf 86' lang='lat' dir='ltr'>egre-</span> 
     </span>
     <span class='ocr_line' id='line_1_11' title="bbox 128 868 1570 927; baseline -0.005 -15"><span class='ocrx_word' id='word_1_86' title='bbox 128 875 200 927; x_wconf 84' lang='lat' dir='ltr'>giae</span> <span class='ocrx_word' id='word_1_87' title='bbox 217 875 523 926; x_wconf 88' lang='lat' dir='ltr'>lectiones,quas</span> <span class='ocrx_word' id='word_1_88' title='bbox 538 880 678 912; x_wconf 84' lang='lat' dir='ltr'>temere</span> <span class='ocrx_word' id='word_1_89' title='bbox 695 873 742 911; x_wconf 91' lang='lat' dir='ltr'>ab</span> <span class='ocrx_word' id='word_1_90' title='bbox 760 871 943 910; x_wconf 88' lang='lat' dir='ltr'>insecutis</span> <span class='ocrx_word' id='word_1_91' title='bbox 963 869 1174 908; x_wconf 86' lang='lat' dir='ltr'>editoribus</span> <span class='ocrx_word' id='word_1_92' title='bbox 1194 868 1392 919; x_wconf 83' lang='lat' dir='ltr'>neglectas</span> <span class='ocrx_word' id='word_1_93' title='bbox 1412 879 1570 905; x_wconf 87' lang='lat' dir='ltr'>necesse</span> 
     </span>
     <span class='ocr_line' id='line_1_12' title="bbox 128 929 1573 982; baseline -0.006 -7"><span class='ocrx_word' id='word_1_94' title='bbox 128 938 199 975; x_wconf 87' lang='lat' dir='ltr'>fuit</span> <span class='ocrx_word' id='word_1_95' title='bbox 212 950 234 975; x_wconf 87' lang='lat' dir='ltr'>a</span> <span class='ocrx_word' id='word_1_96' title='bbox 252 950 312 975; x_wconf 91' lang='lat' dir='ltr'>me</span> <span class='ocrx_word' id='word_1_97' title='bbox 332 949 462 975; x_wconf 90' lang='lat' dir='ltr'>rursus</span> <span class='ocrx_word' id='word_1_98' title='bbox 478 935 526 974; x_wconf 87' lang='lat' dir='ltr'>ad</span> <span class='ocrx_word' id='word_1_99' title='bbox 551 935 678 973; x_wconf 90' lang='lat' dir='ltr'>lucem</span> <span class='ocrx_word' id='word_1_100' title='bbox 705 939 744 972; x_wconf 85' lang='lat' dir='ltr'>et</span> <span class='ocrx_word' id='word_1_101' title='bbox 762 947 871 972; x_wconf 89' lang='lat' dir='ltr'>usum</span> <span class='ocrx_word' id='word_1_102' title='bbox 890 932 1059 971; x_wconf 86' lang='lat' dir='ltr'>revocari</span> <span class='ocrx_word' id='word_1_103' title='bbox 1080 938 1195 982; x_wconf 86' lang='lat' dir='ltr'>atque</span> <span class='ocrx_word' id='word_1_104' title='bbox 1216 929 1416 969; x_wconf 88' lang='lat' dir='ltr'>vindicari.</span> <span class='ocrx_word' id='word_1_105' title='bbox 1471 929 1573 967; x_wconf 83' lang='lat' dir='ltr'>Prae—</span> 
     </span>
     <span class='ocr_line' id='line_1_13' title="bbox 127 990 1570 1047; baseline -0.006 -11"><span class='ocrx_word' id='word_1_106' title='bbox 127 999 196 1036; x_wconf 89' lang='lat' dir='ltr'>fuit</span> <span class='ocrx_word' id='word_1_107' title='bbox 213 999 313 1036; x_wconf 90' lang='lat' dir='ltr'>enim</span> <span class='ocrx_word' id='word_1_108' title='bbox 334 997 492 1036; x_wconf 86' lang='lat' dir='ltr'>editioni</span> <span class='ocrx_word' id='word_1_109' title='bbox 511 996 578 1043; x_wconf 92' lang='lat' dir='ltr'>illi,</span> <span class='ocrx_word' id='word_1_110' title='bbox 598 997 636 1034; x_wconf 91' lang='lat' dir='ltr'>id</span> <span class='ocrx_word' id='word_1_111' title='bbox 653 996 756 1047; x_wconf 89' lang='lat' dir='ltr'>quod</span> <span class='ocrx_word' id='word_1_112' title='bbox 777 995 994 1046; x_wconf 90' lang='lat' dir='ltr'>suspicione</span> <span class='ocrx_word' id='word_1_113' title='bbox 1015 1007 1092 1032; x_wconf 88' lang='lat' dir='ltr'>non</span> <span class='ocrx_word' id='word_1_114' title='bbox 1112 1006 1263 1044; x_wconf 86' lang='lat' dir='ltr'>prorsus</span> <span class='ocrx_word' id='word_1_115' title='bbox 1281 990 1519 1043; x_wconf 86' lang='lat' dir='ltr'>improbabili</span> <span class='ocrx_word' id='word_1_116' title='bbox 1548 1004 1570 1029; x_wconf 90' lang='lat' dir='ltr'>e</span> 
     </span>
     <span class='ocr_line' id='line_1_14' title="bbox 128 1054 1573 1110; baseline -0.005 -11"><span class='ocrx_word' id='word_1_117' title='bbox 128 1062 250 1099; x_wconf 85' lang='lat' dir='ltr'>verbis</span> <span class='ocrx_word' id='word_1_118' title='bbox 281 1061 369 1098; x_wconf 88' lang='lat' dir='ltr'>Aldi</span> <span class='ocrx_word' id='word_1_119' title='bbox 398 1060 551 1110; x_wconf 85' lang='lat' dir='ltr'>colligo,</span> <span class='ocrx_word' id='word_1_120' title='bbox 572 1058 908 1104; x_wconf 86' lang='lat' dir='ltr'>Carteromachus,</span> <span class='ocrx_word' id='word_1_121' title='bbox 933 1058 988 1096; x_wconf 89' lang='lat' dir='ltr'>vir</span> <span class='ocrx_word' id='word_1_122' title='bbox 1017 1070 1141 1107; x_wconf 83' lang='lat' dir='ltr'>graece</span> <span class='ocrx_word' id='word_1_123' title='bbox 1170 1055 1365 1107; x_wconf 87' lang='lat' dir='ltr'>latineque</span> <span class='ocrx_word' id='word_1_124' title='bbox 1395 1054 1573 1093; x_wconf 88' lang='lat' dir='ltr'>doctissi-</span> 
     </span>
     <span class='ocr_line' id='line_1_15' title="bbox 128 1119 1571 1174; baseline -0.002 -14"><span class='ocrx_word' id='word_1_125' title='bbox 128 1136 236 1167; x_wconf 84' lang='lat' dir='ltr'>mus3</span> <span class='ocrx_word' id='word_1_126' title='bbox 266 1135 377 1174; x_wconf 91' lang='lat' dir='ltr'>quem</span> <span class='ocrx_word' id='word_1_127' title='bbox 410 1123 458 1159; x_wconf 92' lang='lat' dir='ltr'>ab</span> <span class='ocrx_word' id='word_1_128' title='bbox 477 1122 524 1158; x_wconf 92' lang='lat' dir='ltr'>A.</span> <span class='ocrx_word' id='word_1_129' title='bbox 548 1122 662 1159; x_wconf 90' lang='grc'><strong>1500.</strong></span> <span class='ocrx_word' id='word_1_130' title='bbox 693 1121 743 1158; x_wconf 89' lang='lat' dir='ltr'>ad</span> <span class='ocrx_word' id='word_1_131' title='bbox 776 1121 890 1159; x_wconf 87' lang='grc'><strong>1507.</strong></span> <span class='ocrx_word' id='word_1_132' title='bbox 919 1120 1182 1171; x_wconf 84' lang='lat' dir='ltr'>typographeo</span> <span class='ocrx_word' id='word_1_133' title='bbox 1215 1119 1357 1157; x_wconf 89' lang='lat' dir='ltr'>Aldino</span> <span class='ocrx_word' id='word_1_134' title='bbox 1386 1125 1571 1157; x_wconf 87' lang='lat' dir='ltr'>rectorem</span> 
     </span>
     <span class='ocr_line' id='line_1_16' title="bbox 129 1182 1571 1234; baseline -0.001 -13"><span class='ocrx_word' id='word_1_135' title='bbox 129 1197 345 1234; x_wconf 88' lang='lat' dir='ltr'>operarum,</span> <span class='ocrx_word' id='word_1_136' title='bbox 367 1189 405 1221; x_wconf 86' lang='lat' dir='ltr'>et</span> <span class='ocrx_word' id='word_1_137' title='bbox 425 1182 658 1221; x_wconf 87' lang='lat' dir='ltr'>edendorum</span> <span class='ocrx_word' id='word_1_138' title='bbox 686 1195 845 1233; x_wconf 90' lang='lat' dir='ltr'>operum</span> <span class='ocrx_word' id='word_1_139' title='bbox 866 1189 1060 1220; x_wconf 86' lang='lat' dir='ltr'>auctorem</span> <span class='ocrx_word' id='word_1_140' title='bbox 1091 1183 1436 1233; x_wconf 82' lang='lat' dir='ltr'>inspectoremque,</span> <span class='ocrx_word' id='word_1_141' title='bbox 1457 1195 1571 1232; x_wconf 91' lang='lat' dir='ltr'>quem</span> 
     </span>
     <span class='ocr_line' id='line_1_17' title="bbox 126 1243 1572 1295; baseline -0.001 -13"><span class='ocrx_word' id='word_1_142' title='bbox 126 1246 240 1284; x_wconf 82' lang='lat' dir='ltr'>hodie</span> <span class='ocrx_word' id='word_1_143' title='bbox 259 1246 524 1284; x_wconf 80' lang='lat' dir='ltr'>correctorem</span> <span class='ocrx_word' id='word_1_144' title='bbox 544 1244 752 1295; x_wconf 88' lang='lat' dir='ltr'>appellant,</span> <span class='ocrx_word' id='word_1_145' title='bbox 771 1243 967 1295; x_wconf 87' lang='lat' dir='ltr'>praefuisse</span> <span class='ocrx_word' id='word_1_146' title='bbox 987 1250 1154 1282; x_wconf 90' lang='lat' dir='ltr'>constat.</span> <span class='ocrx_word' id='word_1_147' title='bbox 1211 1244 1291 1281; x_wconf 90' lang='lat' dir='ltr'>Cur</span> <span class='ocrx_word' id='word_1_148' title='bbox 1311 1243 1475 1281; x_wconf 87' lang='lat' dir='ltr'>thermas</span> <span class='ocrx_word' id='word_1_149' title='bbox 1505 1256 1572 1295; x_wconf 88' lang='lat' dir='ltr'>ap-</span> 
     </span>
     <span class='ocr_line' id='line_1_18' title="bbox 129 1306 1573 1360; baseline -0.002 -13"><span class='ocrx_word' id='word_1_150' title='bbox 129 1310 247 1360; x_wconf 90' lang='lat' dir='ltr'>pellet</span> <span class='ocrx_word' id='word_1_151' title='bbox 265 1309 388 1347; x_wconf 91' lang='lat' dir='ltr'>Aldus</span> <span class='ocrx_word' id='word_1_152' title='bbox 409 1321 517 1346; x_wconf 88' lang='lat' dir='ltr'>suam</span> <span class='ocrx_word' id='word_1_153' title='bbox 536 1308 726 1346; x_wconf 89' lang='lat' dir='ltr'>officinam</span> <span class='ocrx_word' id='word_1_154' title='bbox 747 1307 1077 1359; x_wconf 82' lang='lat' dir='ltr'>typographicam,</span> <span class='ocrx_word' id='word_1_155' title='bbox 1106 1307 1145 1344; x_wconf 92' lang='lat' dir='ltr'>id</span> <span class='ocrx_word' id='word_1_156' title='bbox 1165 1319 1255 1345; x_wconf 89' lang='lat' dir='ltr'>vero</span> <span class='ocrx_word' id='word_1_157' title='bbox 1281 1320 1359 1344; x_wconf 89' lang='lat' dir='ltr'>non</span> <span class='ocrx_word' id='word_1_158' title='bbox 1388 1306 1573 1357; x_wconf 83' lang='lat' dir='ltr'>intelligo.</span> 
     </span>
     <span class='ocr_line' id='line_1_19' title="bbox 129 1368 1574 1420; baseline -0.002 -12"><span class='ocrx_word' id='word_1_159' title='bbox 129 1370 213 1408; x_wconf 91' lang='lat' dir='ltr'>Nisi</span> <span class='ocrx_word' id='word_1_160' title='bbox 233 1370 263 1408; x_wconf 91' lang='lat' dir='ltr'>si</span> <span class='ocrx_word' id='word_1_161' title='bbox 288 1370 323 1408; x_wconf 86' lang='lat' dir='ltr'>id</span> <span class='ocrx_word' id='word_1_162' title='bbox 346 1383 448 1407; x_wconf 86' lang='lat' dir='ltr'>more</span> <span class='ocrx_word' id='word_1_163' title='bbox 464 1369 521 1407; x_wconf 89' lang='lat' dir='ltr'>sui</span> <span class='ocrx_word' id='word_1_164' title='bbox 542 1369 672 1407; x_wconf 88' lang='lat' dir='ltr'>saeculi</span> <span class='ocrx_word' id='word_1_165' title='bbox 691 1369 793 1416; x_wconf 89' lang='lat' dir='ltr'>fecit,</span> <span class='ocrx_word' id='word_1_166' title='bbox 808 1381 884 1419; x_wconf 91' lang='lat' dir='ltr'>quo</span> <span class='ocrx_word' id='word_1_167' title='bbox 903 1368 1101 1420; x_wconf 87' lang='lat' dir='ltr'>probabile</span> <span class='ocrx_word' id='word_1_168' title='bbox 1120 1375 1180 1406; x_wconf 89' lang='lat' dir='ltr'>est</span> <span class='ocrx_word' id='word_1_169' title='bbox 1198 1368 1380 1406; x_wconf 89' lang='lat' dir='ltr'>balneum</span> <span class='ocrx_word' id='word_1_170' title='bbox 1394 1368 1455 1405; x_wconf 87' lang='lat' dir='ltr'>vel</span> <span class='ocrx_word' id='word_1_171' title='bbox 1474 1368 1574 1405; x_wconf 85' lang='lat' dir='ltr'>ther-</span> 
     </span>
     <span class='ocr_line' id='line_1_20' title="bbox 130 1429 1572 1483; baseline -0.003 -13"><span class='ocrx_word' id='word_1_172' title='bbox 130 1445 211 1470; x_wconf 89' lang='lat' dir='ltr'>mas</span> <span class='ocrx_word' id='word_1_173' title='bbox 231 1432 464 1483; x_wconf 88' lang='lat' dir='ltr'>appellatum</span> <span class='ocrx_word' id='word_1_174' title='bbox 484 1430 603 1469; x_wconf 84' lang='lat' dir='ltr'>fuisse</span> <span class='ocrx_word' id='word_1_175' title='bbox 625 1430 740 1476; x_wconf 89' lang='lat' dir='ltr'>idem,</span> <span class='ocrx_word' id='word_1_176' title='bbox 759 1430 864 1481; x_wconf 89' lang='lat' dir='ltr'>quod</span> <span class='ocrx_word' id='word_1_177' title='bbox 884 1443 954 1468; x_wconf 91' lang='lat' dir='ltr'>nos</span> <span class='ocrx_word' id='word_1_178' title='bbox 974 1430 1090 1468; x_wconf 89' lang='lat' dir='ltr'>hodie</span> <span class='ocrx_word' id='word_1_179' title='bbox 1109 1429 1295 1468; x_wconf 88' lang='lat' dir='ltr'>officinam</span> <span class='ocrx_word' id='word_1_180' title='bbox 1319 1429 1572 1480; x_wconf 79' lang='lat' dir='ltr'>appellamus,</span> 
     </span>
     <span class='ocr_line' id='line_1_21' title="bbox 131 1490 1573 1543; baseline -0.001 -13"><span class='ocrx_word' id='word_1_181' title='bbox 131 1494 318 1532; x_wconf 88' lang='lat' dir='ltr'>interdum</span> <span class='ocrx_word' id='word_1_182' title='bbox 336 1505 488 1543; x_wconf 88' lang='lat' dir='ltr'>quoque</span> <span class='ocrx_word' id='word_1_183' title='bbox 506 1492 762 1543; x_wconf 89' lang='lat' dir='ltr'>vaporarium,</span> <span class='ocrx_word' id='word_1_184' title='bbox 783 1491 887 1542; x_wconf 91' lang='lat' dir='ltr'>quod</span> <span class='ocrx_word' id='word_1_185' title='bbox 906 1491 1092 1543; x_wconf 88' lang='lat' dir='ltr'>ejusmodi</span> <span class='ocrx_word' id='word_1_186' title='bbox 1112 1491 1276 1529; x_wconf 88' lang='lat' dir='ltr'>officinae</span> <span class='ocrx_word' id='word_1_187' title='bbox 1296 1490 1515 1529; x_wconf 85' lang='lat' dir='ltr'>fornacibus</span> <span class='ocrx_word' id='word_1_188' title='bbox 1536 1491 1573 1528; x_wconf 90' lang='lat' dir='ltr'>in</span> 
     </span>
     <span class='ocr_line' id='line_1_22' title="bbox 130 1551 1573 1604; baseline -0.001 -13"><span class='ocrx_word' id='word_1_189' title='bbox 130 1567 243 1591; x_wconf 92' lang='lat' dir='ltr'>usum</span> <span class='ocrx_word' id='word_1_190' title='bbox 262 1566 461 1604; x_wconf 87' lang='lat' dir='ltr'>operarum</span> <span class='ocrx_word' id='word_1_191' title='bbox 479 1553 674 1591; x_wconf 80' lang='lat' dir='ltr'>instructae</span> <span class='ocrx_word' id='word_1_192' title='bbox 693 1559 838 1598; x_wconf 87' lang='lat' dir='ltr'>essent,</span> <span class='ocrx_word' id='word_1_193' title='bbox 858 1565 907 1590; x_wconf 88' lang='lat' dir='ltr'>ne</span> <span class='ocrx_word' id='word_1_194' title='bbox 926 1565 994 1604; x_wconf 91' lang='lat' dir='ltr'>per</span> <span class='ocrx_word' id='word_1_195' title='bbox 1020 1552 1195 1604; x_wconf 89' lang='lat' dir='ltr'>hyemem</span> <span class='ocrx_word' id='word_1_196' title='bbox 1215 1551 1264 1589; x_wconf 94' lang='lat' dir='ltr'>ob</span> <span class='ocrx_word' id='word_1_197' title='bbox 1283 1551 1433 1602; x_wconf 84' lang='lat' dir='ltr'>frigoris</span> <span class='ocrx_word' id='word_1_198' title='bbox 1463 1553 1573 1590; x_wconf 91' lang='lat' dir='ltr'>saevi-</span> 
     </span>
     <span class='ocr_line' id='line_1_23' title="bbox 130 1613 1574 1666; baseline -0.001 -13"><span class='ocrx_word' id='word_1_199' title='bbox 130 1616 217 1656; x_wconf 81' lang='lat' dir='ltr'>tiem</span> <span class='ocrx_word' id='word_1_200' title='bbox 239 1616 286 1653; x_wconf 82' lang='lat' dir='ltr'>ab</span> <span class='ocrx_word' id='word_1_201' title='bbox 306 1628 421 1666; x_wconf 92' lang='lat' dir='ltr'>opere</span> <span class='ocrx_word' id='word_1_202' title='bbox 441 1614 655 1653; x_wconf 87' lang='lat' dir='ltr'>feriandum</span> <span class='ocrx_word' id='word_1_203' title='bbox 675 1621 793 1652; x_wconf 89' lang='lat' dir='ltr'>esset.</span> <span class='ocrx_word' id='word_1_204' title='bbox 849 1614 1138 1652; x_wconf 86' lang='lat' dir='ltr'>Subobscurum</span> <span class='ocrx_word' id='word_1_205' title='bbox 1159 1613 1251 1651; x_wconf 90' lang='lat' dir='ltr'>mihi</span> <span class='ocrx_word' id='word_1_206' title='bbox 1279 1613 1368 1651; x_wconf 89' lang='lat' dir='ltr'>item</span> <span class='ocrx_word' id='word_1_207' title='bbox 1399 1613 1473 1651; x_wconf 91' lang='lat' dir='ltr'>hoc</span> <span class='ocrx_word' id='word_1_208' title='bbox 1502 1620 1574 1659; x_wconf 85' lang='lat' dir='ltr'>est,</span> 
     </span>
     <span class='ocr_line' id='line_1_24' title="bbox 131 1675 1573 1727; baseline -0.001 -13"><span class='ocrx_word' id='word_1_209' title='bbox 131 1677 232 1726; x_wconf 84' lang='lat' dir='ltr'>quod</span> <span class='ocrx_word' id='word_1_210' title='bbox 253 1675 300 1714; x_wconf 90' lang='lat' dir='ltr'>de</span> <span class='ocrx_word' id='word_1_211' title='bbox 319 1675 512 1727; x_wconf 85' lang='lat' dir='ltr'>paucitate</span> <span class='ocrx_word' id='word_1_212' title='bbox 542 1675 829 1726; x_wconf 85' lang='lat' dir='ltr'>exemplarium,</span> <span class='ocrx_word' id='word_1_213' title='bbox 855 1688 940 1726; x_wconf 84' lang='lat' dir='ltr'>quae</span> <span class='ocrx_word' id='word_1_214' title='bbox 973 1675 1113 1714; x_wconf 89' lang='lat' dir='ltr'>excudi</span> <span class='ocrx_word' id='word_1_215' title='bbox 1145 1675 1350 1721; x_wconf 86' lang='lat' dir='ltr'>curaverit,</span> <span class='ocrx_word' id='word_1_216' title='bbox 1377 1675 1573 1714; x_wconf 85' lang='lat' dir='ltr'>admonet.</span> 
     </span>
     <span class='ocr_line' id='line_1_25' title="bbox 134 1735 1576 1788; baseline -0.001 -14"><span class='ocrx_word' id='word_1_217' title='bbox 134 1737 287 1775; x_wconf 89' lang='lat' dir='ltr'>Inducit</span> <span class='ocrx_word' id='word_1_218' title='bbox 306 1750 365 1775; x_wconf 91' lang='lat' dir='ltr'>me</span> <span class='ocrx_word' id='word_1_219' title='bbox 384 1746 513 1774; x_wconf 84' lang='lat' dir='ltr'>tamen</span> <span class='ocrx_word' id='word_1_220' title='bbox 533 1736 604 1774; x_wconf 85' lang='lat' dir='ltr'>iste</span> <span class='ocrx_word' id='word_1_221' title='bbox 623 1736 731 1774; x_wconf 87' lang='lat' dir='ltr'>locus</span> <span class='ocrx_word' id='word_1_222' title='bbox 750 1736 789 1774; x_wconf 92' lang='lat' dir='ltr'>in</span> <span class='ocrx_word' id='word_1_223' title='bbox 806 1735 1077 1787; x_wconf 87' lang='lat' dir='ltr'>suspicionem,</span> <span class='ocrx_word' id='word_1_224' title='bbox 1096 1749 1184 1787; x_wconf 91' lang='lat' dir='ltr'>quae</span> <span class='ocrx_word' id='word_1_225' title='bbox 1203 1735 1363 1773; x_wconf 91' lang='lat' dir='ltr'>dubium</span> <span class='ocrx_word' id='word_1_226' title='bbox 1383 1736 1576 1788; x_wconf 82' lang='lat' dir='ltr'>expediat,</span> 
     </span>
     <span class='ocr_line' id='line_1_26' title="bbox 133 1797 1576 1848; baseline -0.001 -12"><span class='ocrx_word' id='word_1_227' title='bbox 133 1812 201 1837; x_wconf 90' lang='lat' dir='ltr'>cur</span> <span class='ocrx_word' id='word_1_228' title='bbox 228 1798 350 1836; x_wconf 91' lang='lat' dir='ltr'>Aldus</span> <span class='ocrx_word' id='word_1_229' title='bbox 381 1797 516 1836; x_wconf 90' lang='lat' dir='ltr'>eodem</span> <span class='ocrx_word' id='word_1_230' title='bbox 547 1811 648 1836; x_wconf 91' lang='lat' dir='ltr'>anno</span> <span class='ocrx_word' id='word_1_231' title='bbox 671 1797 731 1836; x_wconf 92' lang='lat' dir='ltr'>bis</span> <span class='ocrx_word' id='word_1_232' title='bbox 754 1797 1056 1836; x_wconf 85' lang='lat' dir='ltr'>Demosthenem</span> <span class='ocrx_word' id='word_1_233' title='bbox 1079 1797 1264 1841; x_wconf 84' lang='lat' dir='ltr'>ediderit3</span> <span class='ocrx_word' id='word_1_234' title='bbox 1296 1797 1344 1835; x_wconf 91' lang='lat' dir='ltr'>de</span> <span class='ocrx_word' id='word_1_235' title='bbox 1363 1811 1441 1848; x_wconf 92' lang='lat' dir='ltr'>quo</span> <span class='ocrx_word' id='word_1_236' title='bbox 1469 1805 1576 1836; x_wconf 88' lang='lat' dir='ltr'>certo</span> 
     </span>
     <span class='ocr_line' id='line_1_27' title="bbox 133 1858 1577 1910; baseline -0.002 -11"><span class='ocrx_word' id='word_1_237' title='bbox 133 1866 298 1907; x_wconf 89' lang='lat' dir='ltr'>constat,</span> <span class='ocrx_word' id='word_1_238' title='bbox 329 1860 502 1910; x_wconf 86' lang='lat' dir='ltr'>quamvis</span> <span class='ocrx_word' id='word_1_239' title='bbox 533 1872 609 1897; x_wconf 90' lang='lat' dir='ltr'>rem</span> <span class='ocrx_word' id='word_1_240' title='bbox 639 1858 762 1910; x_wconf 82' lang='lat' dir='ltr'>ipsam</span> <span class='ocrx_word' id='word_1_241' title='bbox 790 1859 948 1897; x_wconf 89' lang='lat' dir='ltr'>mireris.</span> <span class='ocrx_word' id='word_1_242' title='bbox 1019 1859 1122 1896; x_wconf 88' lang='lat' dir='ltr'>Duae</span> <span class='ocrx_word' id='word_1_243' title='bbox 1150 1859 1280 1909; x_wconf 89' lang='lat' dir='ltr'>utique</span> <span class='ocrx_word' id='word_1_244' title='bbox 1309 1865 1399 1896; x_wconf 87' lang='lat' dir='ltr'>sunt</span> <span class='ocrx_word' id='word_1_245' title='bbox 1424 1858 1577 1896; x_wconf 88' lang='lat' dir='ltr'>Aldinae</span> 
     </span>
     <span class='ocr_line' id='line_1_28' title="bbox 134 1921 1572 1973; baseline -0.001 -13"><span class='ocrx_word' id='word_1_246' title='bbox 134 1921 406 1960; x_wconf 87' lang='lat' dir='ltr'>Demosthenis</span> <span class='ocrx_word' id='word_1_247' title='bbox 430 1934 507 1959; x_wconf 92' lang='lat' dir='ltr'>non</span> <span class='ocrx_word' id='word_1_248' title='bbox 527 1934 660 1973; x_wconf 89' lang='lat' dir='ltr'>parum</span> <span class='ocrx_word' id='word_1_249' title='bbox 689 1921 786 1959; x_wconf 89' lang='lat' dir='ltr'>inter</span> <span class='ocrx_word' id='word_1_250' title='bbox 811 1934 853 1960; x_wconf 92' lang='lat' dir='ltr'>se</span> <span class='ocrx_word' id='word_1_251' title='bbox 879 1921 1158 1972; x_wconf 81' lang='lat' dir='ltr'>discrepanteS‚</span> <span class='ocrx_word' id='word_1_252' title='bbox 1179 1921 1248 1958; x_wconf 88' lang='lat' dir='ltr'>sed</span> <span class='ocrx_word' id='word_1_253' title='bbox 1267 1921 1432 1959; x_wconf 88' lang='lat' dir='ltr'>eundem</span> <span class='ocrx_word' id='word_1_254' title='bbox 1452 1922 1572 1959; x_wconf 74' lang='lat' dir='ltr'>ambae</span> 
     </span>
     <span class='ocr_line' id='line_1_29' title="bbox 133 1982 1578 2034; baseline -0.001 -12"><span class='ocrx_word' id='word_1_255' title='bbox 133 1997 274 2022; x_wconf 89' lang='lat' dir='ltr'>annum</span> <span class='ocrx_word' id='word_1_256' title='bbox 300 1983 559 2034; x_wconf 74' lang='lat' dir='ltr'>praeferentes,</span> <span class='ocrx_word' id='word_1_257' title='bbox 580 1982 820 2034; x_wconf 87' lang='lat' dir='ltr'>eandemque</span> <span class='ocrx_word' id='word_1_258' title='bbox 848 1983 1128 2034; x_wconf 84' lang='lat' dir='ltr'>praefationem,</span> <span class='ocrx_word' id='word_1_259' title='bbox 1157 1983 1306 2034; x_wconf 82' lang='lat' dir='ltr'>paginis</span> <span class='ocrx_word' id='word_1_260' title='bbox 1325 1983 1416 2021; x_wconf 88' lang='lat' dir='ltr'>item</span> <span class='ocrx_word' id='word_1_261' title='bbox 1436 1990 1474 2021; x_wconf 86' lang='lat' dir='ltr'>et</span> <span class='ocrx_word' id='word_1_262' title='bbox 1492 1996 1578 2021; x_wconf 86' lang='lat' dir='ltr'>ver-</span> 
     </span>
     <span class='ocr_line' id='line_1_30' title="bbox 133 2043 1578 2096; baseline 0.001 -13"><span class='ocrx_word' id='word_1_263' title='bbox 133 2058 245 2084; x_wconf 89' lang='lat' dir='ltr'>suum</span> <span class='ocrx_word' id='word_1_264' title='bbox 271 2058 429 2083; x_wconf 86' lang='lat' dir='ltr'>numero</span> <span class='ocrx_word' id='word_1_265' title='bbox 448 2045 546 2083; x_wconf 81' lang='lat' dir='ltr'>inter</span> <span class='ocrx_word' id='word_1_266' title='bbox 576 2058 615 2083; x_wconf 92' lang='lat' dir='ltr'>se</span> <span class='ocrx_word' id='word_1_267' title='bbox 641 2044 941 2083; x_wconf 87' lang='lat' dir='ltr'>consentientes.</span> <span class='ocrx_word' id='word_1_268' title='bbox 1000 2043 1046 2082; x_wconf 92' lang='lat' dir='ltr'>In</span> <span class='ocrx_word' id='word_1_269' title='bbox 1077 2045 1307 2083; x_wconf 85' lang='lat' dir='ltr'>lectionibus</span> <span class='ocrx_word' id='word_1_270' title='bbox 1329 2051 1455 2084; x_wconf 88' lang='lat' dir='ltr'>autem</span> <span class='ocrx_word' id='word_1_271' title='bbox 1475 2058 1578 2096; x_wconf 82' lang='lat' dir='ltr'>saepe</span> 
     </span>
     <span class='ocr_line' id='line_1_31' title="bbox 135 2105 1578 2157; baseline 0 -12"><span class='ocrx_word' id='word_1_272' title='bbox 135 2121 158 2146; x_wconf 87' lang='lat' dir='ltr'>a</span> <span class='ocrx_word' id='word_1_273' title='bbox 176 2120 218 2145; x_wconf 90' lang='lat' dir='ltr'>se</span> <span class='ocrx_word' id='word_1_274' title='bbox 236 2106 397 2144; x_wconf 90' lang='lat' dir='ltr'>multum</span> <span class='ocrx_word' id='word_1_275' title='bbox 417 2105 648 2150; x_wconf 85' lang='lat' dir='ltr'>discedunt;</span> <span class='ocrx_word' id='word_1_276' title='bbox 681 2106 721 2144; x_wconf 88' lang='lat' dir='ltr'>id</span> <span class='ocrx_word' id='word_1_277' title='bbox 749 2107 854 2157; x_wconf 90' lang='lat' dir='ltr'>quod</span> <span class='ocrx_word' id='word_1_278' title='bbox 883 2107 1010 2144; x_wconf 87' lang='lat' dir='ltr'>statim</span> <span class='ocrx_word' id='word_1_279' title='bbox 1039 2105 1196 2157; x_wconf 89' lang='lat' dir='ltr'>planum</span> <span class='ocrx_word' id='word_1_280' title='bbox 1223 2106 1362 2144; x_wconf 87' lang='lat' dir='ltr'>faciam</span> <span class='ocrx_word' id='word_1_281' title='bbox 1390 2107 1578 2157; x_wconf 86' lang='lat' dir='ltr'>exemplis</span> 
     </span>
     <span class='ocr_line' id='line_1_32' title="bbox 134 2167 1579 2220; baseline -0.001 -13"><span class='ocrx_word' id='word_1_282' title='bbox 134 2168 355 2220; x_wconf 89' lang='lat' dir='ltr'>prodendis,</span> <span class='ocrx_word' id='word_1_283' title='bbox 383 2181 473 2218; x_wconf 86' lang='lat' dir='ltr'>quae</span> <span class='ocrx_word' id='word_1_284' title='bbox 501 2167 660 2205; x_wconf 91' lang='lat' dir='ltr'>dubium</span> <span class='ocrx_word' id='word_1_285' title='bbox 688 2167 763 2206; x_wconf 90' lang='lat' dir='ltr'>hac</span> <span class='ocrx_word' id='word_1_286' title='bbox 791 2168 840 2206; x_wconf 91' lang='lat' dir='ltr'>de</span> <span class='ocrx_word' id='word_1_287' title='bbox 868 2179 909 2205; x_wconf 88' lang='lat' dir='ltr'>re</span> <span class='ocrx_word' id='word_1_288' title='bbox 938 2167 1088 2204; x_wconf 87' lang='lat' dir='ltr'>nullum</span> <span class='ocrx_word' id='word_1_289' title='bbox 1118 2167 1348 2217; x_wconf 87' lang='lat' dir='ltr'>relinquant.</span> <span class='ocrx_word' id='word_1_290' title='bbox 1416 2167 1579 2205; x_wconf 87' lang='lat' dir='ltr'>Videtur</span> 
     </span>
     <span class='ocr_line' id='line_1_33' title="bbox 134 2228 1579 2280; baseline -0.001 -13"><span class='ocrx_word' id='word_1_291' title='bbox 134 2242 268 2280; x_wconf 90' lang='lat' dir='ltr'>nempe</span> <span class='ocrx_word' id='word_1_292' title='bbox 283 2229 411 2267; x_wconf 88' lang='lat' dir='ltr'>Aldus</span> <span class='ocrx_word' id='word_1_293' title='bbox 430 2241 493 2275; x_wconf 87' lang='lat' dir='ltr'>eo,</span> <span class='ocrx_word' id='word_1_294' title='bbox 508 2229 612 2279; x_wconf 90' lang='lat' dir='ltr'>quod</span> <span class='ocrx_word' id='word_1_295' title='bbox 625 2241 750 2280; x_wconf 87' lang='lat' dir='ltr'>pauca</span> <span class='ocrx_word' id='word_1_296' title='bbox 762 2228 1031 2267; x_wconf 88' lang='lat' dir='ltr'>tantummodo</span> <span class='ocrx_word' id='word_1_297' title='bbox 1049 2228 1324 2267; x_wconf 79' lang='lat' dir='ltr'>Demosthenis</span> <span class='ocrx_word' id='word_1_298' title='bbox 1342 2228 1579 2280; x_wconf 77' lang='lat' dir='ltr'>exemplaria.</span> 
     </span>
     <span class='ocr_line' id='line_1_34' title="bbox 132 2289 1577 2340; baseline -0.002 -10"><span class='ocrx_word' id='word_1_299' title='bbox 132 2298 301 2330; x_wconf 87' lang='lat' dir='ltr'>curasset</span> <span class='ocrx_word' id='word_1_300' title='bbox 317 2289 467 2337; x_wconf 87' lang='lat' dir='ltr'>excudi,</span> <span class='ocrx_word' id='word_1_301' title='bbox 488 2289 675 2335; x_wconf 83' lang='lat' dir='ltr'>effecisse,</span> <span class='ocrx_word' id='word_1_302' title='bbox 687 2297 731 2328; x_wconf 88' lang='lat' dir='ltr'>ut</span> <span class='ocrx_word' id='word_1_303' title='bbox 749 2290 825 2328; x_wconf 88' lang='lat' dir='ltr'>cito</span> <span class='ocrx_word' id='word_1_304' title='bbox 845 2302 893 2328; x_wconf 89' lang='lat' dir='ltr'>ea</span> <span class='ocrx_word' id='word_1_305' title='bbox 910 2289 1226 2328; x_wconf 86' lang='lat' dir='ltr'>distraherentur.</span> <span class='ocrx_word' id='word_1_306' title='bbox 1279 2289 1577 2340; x_wconf 85' lang='lat' dir='ltr'>Requirentibus</span> 
     </span>
     <span class='ocr_line' id='line_1_35' title="bbox 132 2350 1576 2404; baseline -0.001 -14"><span class='ocrx_word' id='word_1_307' title='bbox 132 2353 261 2404; x_wconf 89' lang='lat' dir='ltr'>itaque</span> <span class='ocrx_word' id='word_1_308' title='bbox 290 2359 329 2391; x_wconf 89' lang='lat' dir='ltr'>et</span> <span class='ocrx_word' id='word_1_309' title='bbox 355 2351 619 2403; x_wconf 84' lang='lat' dir='ltr'>flagitantibus</span> <span class='ocrx_word' id='word_1_310' title='bbox 647 2351 884 2402; x_wconf 87' lang='lat' dir='ltr'>exemplaria</span> <span class='ocrx_word' id='word_1_311' title='bbox 902 2363 926 2389; x_wconf 88' lang='lat' dir='ltr'>a</span> <span class='ocrx_word' id='word_1_312' title='bbox 946 2364 986 2388; x_wconf 88' lang='lat' dir='ltr'>se</span> <span class='ocrx_word' id='word_1_313' title='bbox 1014 2350 1106 2388; x_wconf 88' lang='lat' dir='ltr'>satis</span> <span class='ocrx_word' id='word_1_314' title='bbox 1128 2350 1205 2388; x_wconf 87' lang='lat' dir='ltr'>fieri</span> <span class='ocrx_word' id='word_1_315' title='bbox 1237 2350 1347 2388; x_wconf 89' lang='lat' dir='ltr'>aliter</span> <span class='ocrx_word' id='word_1_316' title='bbox 1365 2363 1440 2388; x_wconf 91' lang='lat' dir='ltr'>non</span> <span class='ocrx_word' id='word_1_317' title='bbox 1460 2363 1576 2402; x_wconf 88' lang='lat' dir='ltr'>posse</span> 
     </span>
     <span class='ocr_line' id='line_1_36' title="bbox 132 2412 1577 2467; baseline -0.003 -13"><span class='ocrx_word' id='word_1_318' title='bbox 132 2416 267 2454; x_wconf 87' lang='lat' dir='ltr'>videns</span> <span class='ocrx_word' id='word_1_319' title='bbox 287 2415 423 2460; x_wconf 89' lang='lat' dir='ltr'>Aldus,</span> <span class='ocrx_word' id='word_1_320' title='bbox 443 2427 558 2467; x_wconf 90' lang='lat' dir='ltr'>quam</span> <span class='ocrx_word' id='word_1_321' title='bbox 577 2427 678 2453; x_wconf 86' lang='lat' dir='ltr'>nova</span> <span class='ocrx_word' id='word_1_322' title='bbox 701 2413 938 2452; x_wconf 88' lang='lat' dir='ltr'>instituenda</span> <span class='ocrx_word' id='word_1_323' title='bbox 957 2413 1139 2460; x_wconf 87' lang='lat' dir='ltr'>editione,</span> <span class='ocrx_word' id='word_1_324' title='bbox 1159 2426 1291 2451; x_wconf 90' lang='lat' dir='ltr'>rursus</span> <span class='ocrx_word' id='word_1_325' title='bbox 1311 2412 1446 2451; x_wconf 87' lang='lat' dir='ltr'>eodem</span> <span class='ocrx_word' id='word_1_326' title='bbox 1477 2426 1577 2451; x_wconf 85' lang='lat' dir='ltr'>anno</span> 
     </span>
     <span class='ocr_line' id='line_1_37' title="bbox 134 2474 1577 2527; baseline -0.001 -13"><span class='ocrx_word' id='word_1_327' title='bbox 134 2476 437 2515; x_wconf 88' lang='lat' dir='ltr'>Demosthenem</span> <span class='ocrx_word' id='word_1_328' title='bbox 468 2475 586 2527; x_wconf 88' lang='lat' dir='ltr'>praelo</span> <span class='ocrx_word' id='word_1_329' title='bbox 606 2488 677 2514; x_wconf 87' lang='lat' dir='ltr'>suo</span> <span class='ocrx_word' id='word_1_330' title='bbox 700 2474 886 2521; x_wconf 89' lang='lat' dir='ltr'>submisit,</span> <span class='ocrx_word' id='word_1_331' title='bbox 905 2474 974 2513; x_wconf 87' lang='lat' dir='ltr'>sed</span> <span class='ocrx_word' id='word_1_332' title='bbox 994 2474 1231 2526; x_wconf 85' lang='lat' dir='ltr'>diligentius,</span> <span class='ocrx_word' id='word_1_333' title='bbox 1252 2482 1291 2513; x_wconf 86' lang='lat' dir='ltr'>et</span> <span class='ocrx_word' id='word_1_334' title='bbox 1310 2487 1331 2512; x_wconf 91' lang='lat' dir='ltr'>e</span> <span class='ocrx_word' id='word_1_335' title='bbox 1358 2474 1577 2513; x_wconf 88' lang='lat' dir='ltr'>melioribus</span> 
     </span>
     <span class='ocr_line' id='line_1_38' title="bbox 132 2535 1576 2587; baseline -0.002 -11"><span class='ocrx_word' id='word_1_336' title='bbox 132 2538 344 2583; x_wconf 89' lang='lat' dir='ltr'>codicibus,</span> <span class='ocrx_word' id='word_1_337' title='bbox 378 2536 651 2575; x_wconf 84' lang='lat' dir='ltr'>emaculatum.</span> <span class='ocrx_word' id='word_1_338' title='bbox 705 2536 847 2574; x_wconf 84' lang='lat' dir='ltr'>Prioris</span> <span class='ocrx_word' id='word_1_339' title='bbox 868 2535 1047 2574; x_wconf 89' lang='lat' dir='ltr'>editionis</span> <span class='ocrx_word' id='word_1_340' title='bbox 1078 2535 1297 2587; x_wconf 88' lang='lat' dir='ltr'>exemplum</span> <span class='ocrx_word' id='word_1_341' title='bbox 1316 2549 1432 2587; x_wconf 89' lang='lat' dir='ltr'>penes</span> <span class='ocrx_word' id='word_1_342' title='bbox 1449 2535 1576 2574; x_wconf 85' lang='lat' dir='ltr'>Obso—</span> 
     </span>
     <span class='ocr_line' id='line_1_39' title="bbox 134 2596 1578 2650; baseline -0.001 -14"><span class='ocrx_word' id='word_1_343' title='bbox 134 2612 262 2650; x_wconf 89' lang='lat' dir='ltr'>poeum</span> <span class='ocrx_word' id='word_1_344' title='bbox 291 2599 378 2644; x_wconf 87' lang='lat' dir='ltr'>fuit,</span> <span class='ocrx_word' id='word_1_345' title='bbox 399 2606 439 2637; x_wconf 86' lang='lat' dir='ltr'>et</span> <span class='ocrx_word' id='word_1_346' title='bbox 460 2598 781 2650; x_wconf 87' lang='lat' dir='ltr'>Mounteneyum,</span> <span class='ocrx_word' id='word_1_347' title='bbox 803 2604 855 2644; x_wconf 90' lang='lat' dir='ltr'>et,</span> <span class='ocrx_word' id='word_1_348' title='bbox 875 2596 981 2649; x_wconf 90' lang='lat' dir='ltr'>quod</span> <span class='ocrx_word' id='word_1_349' title='bbox 999 2597 1182 2650; x_wconf 83' lang='lat' dir='ltr'>suspicor,</span> <span class='ocrx_word' id='word_1_350' title='bbox 1202 2597 1316 2635; x_wconf 88' lang='lat' dir='ltr'>etiam</span> <span class='ocrx_word' id='word_1_351' title='bbox 1342 2609 1458 2648; x_wconf 88' lang='lat' dir='ltr'>penes</span> <span class='ocrx_word' id='word_1_352' title='bbox 1478 2597 1578 2648; x_wconf 86' lang='lat' dir='ltr'>Tay-</span> 
     </span>
     <span class='ocr_line' id='line_1_40' title="bbox 132 2658 1576 2710; baseline -0.002 -12"><span class='ocrx_word' id='word_1_353' title='bbox 132 2660 280 2709; x_wconf 83' lang='lat' dir='ltr'>lorum3</span> <span class='ocrx_word' id='word_1_354' title='bbox 308 2660 398 2698; x_wconf 85' lang='lat' dir='ltr'>mihi</span> <span class='ocrx_word' id='word_1_355' title='bbox 417 2659 564 2698; x_wconf 89' lang='lat' dir='ltr'>nullum</span> <span class='ocrx_word' id='word_1_356' title='bbox 584 2660 694 2698; x_wconf 89' lang='lat' dir='ltr'>licuit</span> <span class='ocrx_word' id='word_1_357' title='bbox 712 2671 924 2710; x_wconf 86' lang='lat' dir='ltr'>usurpare;</span> <span class='ocrx_word' id='word_1_358' title='bbox 951 2659 1175 2710; x_wconf 88' lang='lat' dir='ltr'>posterioris</span> <span class='ocrx_word' id='word_1_359' title='bbox 1193 2658 1270 2696; x_wconf 88' lang='lat' dir='ltr'>vidi</span> <span class='ocrx_word' id='word_1_360' title='bbox 1291 2660 1468 2709; x_wconf 85' lang='lat' dir='ltr'>exempla</span> <span class='ocrx_word' id='word_1_361' title='bbox 1485 2658 1576 2703; x_wconf 91' lang='lat' dir='ltr'>duo,</span> 
     </span>
     <span class='ocr_line' id='line_1_41' title="bbox 135 2719 1576 2773; baseline -0.001 -15"><span class='ocrx_word' id='word_1_362' title='bbox 135 2734 268 2769; x_wconf 88' lang='lat' dir='ltr'>unum,</span> <span class='ocrx_word' id='word_1_363' title='bbox 288 2721 393 2773; x_wconf 91' lang='lat' dir='ltr'>quod</span> <span class='ocrx_word' id='word_1_364' title='bbox 411 2721 620 2759; x_wconf 86' lang='lat' dir='ltr'>Weimaria</span> <span class='ocrx_word' id='word_1_365' title='bbox 637 2721 944 2759; x_wconf 82' lang='lat' dir='ltr'>Bartholomaeus</span> <span class='ocrx_word' id='word_1_366' title='bbox 963 2720 1012 2758; x_wconf 91' lang='lat' dir='ltr'>V.</span> <span class='ocrx_word' id='word_1_367' title='bbox 1033 2720 1078 2758; x_wconf 93' lang='lat' dir='ltr'>C.</span> <span class='ocrx_word' id='word_1_368' title='bbox 1099 2720 1150 2758; x_wconf 87' lang='lat' dir='ltr'>ad</span> <span class='ocrx_word' id='word_1_369' title='bbox 1179 2732 1240 2757; x_wconf 88' lang='lat' dir='ltr'>me</span> <span class='ocrx_word' id='word_1_370' title='bbox 1268 2719 1383 2766; x_wconf 89' lang='lat' dir='ltr'>misit,</span> <span class='ocrx_word' id='word_1_371' title='bbox 1402 2731 1479 2770; x_wconf 94' lang='lat' dir='ltr'>quo</span> <span class='ocrx_word' id='word_1_372' title='bbox 1499 2732 1576 2757; x_wconf 87' lang='lat' dir='ltr'>non</span> 
     </span>
     <span class='ocr_line' id='line_1_42' title="bbox 135 2780 1578 2835; baseline -0.001 -15"><span class='ocrx_word' id='word_1_373' title='bbox 135 2782 241 2821; x_wconf 82' lang='lat' dir='ltr'>licuit</span> <span class='ocrx_word' id='word_1_374' title='bbox 252 2783 343 2821; x_wconf 91' lang='lat' dir='ltr'>mihi</span> <span class='ocrx_word' id='word_1_375' title='bbox 356 2783 561 2835; x_wconf 90' lang='lat' dir='ltr'>plusquam</span> <span class='ocrx_word' id='word_1_376' title='bbox 576 2783 729 2822; x_wconf 92' lang='lat' dir='ltr'>octiduo</span> <span class='ocrx_word' id='word_1_377' title='bbox 750 2783 803 2820; x_wconf 90' lang='lat' dir='ltr'>uti</span> <span class='ocrx_word' id='word_1_378' title='bbox 819 2796 829 2826; x_wconf 90' lang='lat'>;</span> <span class='ocrx_word' id='word_1_379' title='bbox 858 2781 1150 2833; x_wconf 86' lang='lat' dir='ltr'>alterum,quod</span> <span class='ocrx_word' id='word_1_380' title='bbox 1169 2780 1410 2832; x_wconf 79' lang='lat' dir='ltr'>indulgentia</span> <span class='ocrx_word' id='word_1_381' title='bbox 1422 2780 1578 2818; x_wconf 89' lang='lat' dir='ltr'>Ordinis</span> 
     </span>
     <span class='ocr_line' id='line_1_43' title="bbox 138 2841 1577 2896; baseline 0 -16"><span class='ocrx_word' id='word_1_382' title='bbox 138 2844 373 2895; x_wconf 85' lang='lat' dir='ltr'>Amplissimi</span> <span class='ocrx_word' id='word_1_383' title='bbox 403 2845 624 2896; x_wconf 88' lang='lat' dir='ltr'>Lipsiensis,</span> <span class='ocrx_word' id='word_1_384' title='bbox 661 2858 707 2883; x_wconf 83' lang='lat' dir='ltr'>ex</span> <span class='ocrx_word' id='word_1_385' title='bbox 733 2845 815 2896; x_wconf 88' lang='lat' dir='ltr'>ejus</span> <span class='ocrx_word' id='word_1_386' title='bbox 853 2843 1089 2882; x_wconf 89' lang='lat' dir='ltr'>bibliotheca</span> <span class='ocrx_word' id='word_1_387' title='bbox 1115 2843 1282 2894; x_wconf 86' lang='lat' dir='ltr'>publica,</span> <span class='ocrx_word' id='word_1_388' title='bbox 1312 2850 1394 2881; x_wconf 92' lang='lat' dir='ltr'>toto</span> <span class='ocrx_word' id='word_1_389' title='bbox 1421 2841 1577 2880; x_wconf 91' lang='lat' dir='ltr'>biennio</span> 
     </span>
     <span class='ocr_line' id='line_1_44' title="bbox 137 2904 1576 2957; baseline -0.002 -15"><span class='ocrx_word' id='word_1_390' title='bbox 137 2917 258 2955; x_wconf 88' lang='lat' dir='ltr'>penes</span> <span class='ocrx_word' id='word_1_391' title='bbox 279 2917 337 2943; x_wconf 89' lang='lat' dir='ltr'>me</span> <span class='ocrx_word' id='word_1_392' title='bbox 355 2905 484 2944; x_wconf 88' lang='lat' dir='ltr'>habui.</span> <span class='ocrx_word' id='word_1_393' title='bbox 542 2907 668 2950; x_wconf 86' lang='lat' dir='ltr'>Quam</span> <span class='ocrx_word' id='word_1_394' title='bbox 688 2906 853 2957; x_wconf 89' lang='lat' dir='ltr'>plurima</span> <span class='ocrx_word' id='word_1_395' title='bbox 869 2904 983 2956; x_wconf 90' lang='lat' dir='ltr'>hujus</span> <span class='ocrx_word' id='word_1_396' title='bbox 1004 2904 1056 2943; x_wconf 86' lang='lat' dir='ltr'>rei</span> <span class='ocrx_word' id='word_1_397' title='bbox 1075 2904 1252 2956; x_wconf 85' lang='lat' dir='ltr'>exempla</span> <span class='ocrx_word' id='word_1_398' title='bbox 1278 2910 1315 2942; x_wconf 89' lang='lat' dir='ltr'>et</span> <span class='ocrx_word' id='word_1_399' title='bbox 1335 2908 1576 2953; x_wconf 85' lang='lat' dir='ltr'>argumenta,</span> 
     </span>
     <span class='ocr_line' id='line_1_45' title="bbox 137 2961 1577 3016; baseline -0.002 -13"><span class='ocrx_word' id='word_1_400' title='bbox 137 2965 240 3005; x_wconf 88' lang='lat' dir='ltr'>unde</span> <span class='ocrx_word' id='word_1_401' title='bbox 259 2972 410 3005; x_wconf 86' lang='lat' dir='ltr'>constet</span> <span class='ocrx_word' id='word_1_402' title='bbox 429 2968 477 3014; x_wconf 88' lang='lat' dir='ltr'>ab</span> <span class='ocrx_word' id='word_1_403' title='bbox 496 2967 611 3016; x_wconf 86' lang='lat' dir='ltr'>Aldo,</span> <span class='ocrx_word' id='word_1_404' title='bbox 630 2966 766 3007; x_wconf 87' lang='lat' dir='ltr'>eodem</span> <span class='ocrx_word' id='word_1_405' title='bbox 782 2978 899 3013; x_wconf 87' lang='lat' dir='ltr'>anno,</span> <span class='ocrx_word' id='word_1_406' title='bbox 916 2965 1026 3012; x_wconf 83' lang='lat' dir='ltr'>duas,</span> <span class='ocrx_word' id='word_1_407' title='bbox 1042 2966 1140 3004; x_wconf 87' lang='lat' dir='ltr'>inter</span> <span class='ocrx_word' id='word_1_408' title='bbox 1156 2978 1197 3004; x_wconf 93' lang='lat' dir='ltr'>se</span> <span class='ocrx_word' id='word_1_409' title='bbox 1214 2965 1492 3016; x_wconf 85' lang='lat' dir='ltr'>discrepantes,</span> <span class='ocrx_word' id='word_1_410' title='bbox 1507 2961 1577 3001; x_wconf 88' lang='lat' dir='ltr'>sub</span> 
     </span>
    </p>
   </div>
  </div>
 </body>
</html>
