1824 3171
162 109 254 149 xciv
468 111 539 151 10.
572 112 818 152 TAYLORI
850 109 1290 153 PROLEGOMENA

160 212 251 251 Orr.
282 224 552 254 MEDIOLANI.
579 217 617 254 in
647 218 739 256 bibl.
766 217 1023 256 Ambrosiana
1051 219 1162 268 juxta
1193 216 1337 256 Montf.
1367 216 1484 255 Dem.
1515 215 1602 256 Orr.

157 286 244 311 cum
260 275 414 314 scholiis
437 277 634 316 Bonamici
651 287 690 316 et
705 278 876 317 aliorum.
922 279 1061 317 Codex
1078 278 1171 316 alius
1185 279 1437 330 bombycinus
1457 291 1605 317 recens.

159 336 295 374 Codex
315 337 409 375 alius
432 338 532 376 Saec.
555 343 616 378 16.
674 339 991 390 Harpocrationis
1012 339 1177 385 lexicon,
1197 346 1311 390 atque
1331 340 1367 376 in
1386 340 1522 378 eodem
1541 352 1607 377 co·

158 397 258 443 dice,
284 399 348 449 qui
377 412 510 438 recens
539 408 608 446 est,
638 402 829 440 orationes
851 405 912 440 10.
933 408 1140 439 oratorum.
1185 400 1372 440 AEschinis
1393 408 1504 440 oratt.
1524 409 1604 440 tres

156 465 216 496 ter
236 459 273 496 in
293 461 454 498 membr.
475 468 514 498 et
532 462 712 513 bombyc.
743 463 927 511 Ejusdem
948 462 1134 512 epistolae.

210 520 421 559 VENE'rns
438 535 458 558 e
479 524 656 573 catalogo
676 523 792 561 Laur.
811 522 1002 573 Theopoli
1024 522 1096 573 Eq.
1119 523 1255 561 Codex
1269 526 1361 561 416.
1389 523 1472 562 Fol.
1491 535 1607 561 mem-

155 581 263 619 bran.
296 582 391 620 Saec.
415 587 475 622 10.
504 584 682 622 foliorum
709 587 799 623 323.
829 585 946 623 Dem.
977 584 1066 621 Orr.
1095 597 1226 623 omnes
1254 598 1341 635 quae
1371 591 1536 629 exstant,
1566 591 1607 622 et

156 643 329 694 epistolae
357 645 522 695 praefixis
554 646 707 683 Libanii
738 653 777 684 et
807 646 968 684 aliorum
998 647 1247 697 argutnentis.
1280 645 1377 684 Cod.
1407 647 1500 687 417.
1524 649 1607 684 4to.

158 704 260 742 Saec.
295 708 356 744 15.
385 706 562 744 foliorum
589 711 680 746 300.
710 707 827 746 Dem.
859 707 946 745 Orr.
976 710 1041 746 50.
1077 707 1174 745 Cod.
1204 710 1297 745 418.
1329 711 1411 745 4to.
1443 707 1607 744 membr.

157 766 254 805 Saec.
276 767 432 805 circiter
452 772 514 806 11.
537 768 617 807 foll.
638 771 729 808 338.
760 770 878 807 Dem.
907 782 981 806 orr.
1002 772 1066 808 32.
1097 769 1196 808 Cod.
1215 771 1309 808 419.
1329 771 1416 807 8vo.
1435 768 1607 806 chartac.

157 827 254 867 Saee.
275 828 428 867 circiter
450 833 511 868 15.
532 830 613 868 foll.
634 834 725 869 351.
747 831 864 868 Dem.
881 844 956 869 orr.
979 834 1042 869 14.
1073 830 1200 869 Codd.
1217 833 1309 869 420.
1325 833 1363 869 8.
1395 830 1495 869 Saec.
1514 829 1605 868 circ.

156 893 219 928 14.
240 890 319 927 foll.
338 894 430 929 460.
459 891 574 928 Dem.
597 905 671 930 orr.
692 899 732 929 et
751 892 921 942 epistolae
937 905 1023 929 cum
1043 891 1197 929 Libanii
1213 904 1361 942 argum.
1390 891 1491 929 Cod.
1511 893 1606 929 438.

154 952 192 987 8.
228 950 327 989 Saec.
358 951 450 990 circ.
472 955 534 990 14.
556 952 723 990 chartac.
749 952 830 990 foll.
861 955 953 991 280.
984 953 1101 991 Dem.
1132 965 1184 990 or.
1203 969 1243 991 π.
1262 969 1350 1003 παρ.
1377 958 1416 990 et
1435 969 1475 991 π.
1505 960 1607 1004 στεφ.

154 1025 242 1049 cum
260 1012 412 1050 Libanii
432 1026 506 1050 orr.
536 1021 574 1051 et
603 1014 830 1064 quibusdam
849 1014 1027 1052 Luciani.
1059 1014 1157 1052 Cod.
1178 1018 1269 1053 510.
1294 1017 1331 1052 8.
1361 1014 1482 1052 chart.
1503 1013 1606 1052 Saec.

154 1073 246 1111 circ.
269 1077 330 1113 15.
350 1074 432 1112 foll.
450 1078 541 1114 203.
572 1076 688 1114 Dem.
711 1076 878 1127 Philipp.
901 1079 937 1114 1.
957 1078 995 1114 2.
1025 1075 1272 1126 Olynthiacae
1293 1083 1384 1113 tres.
1404 1076 1489 1114 alia.
1537 1076 1607 1113 Ad

151 1142 292 1173 mstum
311 1136 503 1186 quendam
525 1137 718 1175 Venetum
741 1138 1002 1176 conformatur
1021 1137 1274 1176 celeberrima
1292 1137 1410 1175 editio
1426 1137 1606 1177 Brucioli.

153 1196 284 1234 Editio
307 1198 446 1235 Aldina
464 1198 502 1235 in
517 1199 609 1236 bibl.
629 1199 844 1237 Bodleiana
863 1199 1059 1237 confertur
1076 1212 1162 1236 cum
1183 1198 1315 1237 codice
1333 1198 1487 1249 antiquo
1507 1206 1606 1237 msto

152 1272 269 1297 manu
288 1260 334 1299 P.
356 1260 508 1299 Pithoei.
538 1262 674 1300 Codex
693 1261 757 1299 ille
773 1269 830 1301 est
847 1262 1020 1300 Venetus
1040 1261 1114 1300 hoc
1135 1261 1245 1300 titulo
1266 1264 1302 1301 5.
1335 1262 1385 1299 A.
1406 1274 1522 1312 supra
1541 1262 1607 1300 de-

149 1321 335 1372 signatus.
392 1323 604 1361 Adnotavit
629 1324 732 1362 enim
752 1324 925 1362 Pithoeus
951 1323 1117 1375 quodam
1147 1323 1187 1361 in
1215 1323 1304 1362 loco
1329 1329 1444 1362 ταῦτα
1465 1325 1536 1362 εἰσὶ
1560 1325 1604 1361 ἐν

149 1387 300 1436 παλαιῷ
328 1389 390 1422 τοῦ
419 1387 529 1434 ἁγίου
548 1386 718 1437 Μάρκου.
775 1386 828 1424 Et
859 1385 1051 1424 orationes
1080 1385 1266 1424 habemus
1295 1385 1403 1423 istius
1431 1384 1499 1422 viri
1522 1385 1606 1422 dili-

151 1446 283 1495 gentia
303 1447 462 1484 collatas
483 1447 772 1499 quinquaginta.
821 1447 911 1486 NB.
934 1447 1090 1485 Double
1112 1447 1346 1498 Transcript.
1391 1446 1480 1485 One
1501 1447 1604 1484 Har-

150 1507 275 1558 leyan.
308 1507 374 1546 the
409 1508 520 1546 other
546 1522 652 1547 more
670 1509 840 1549 faithful.
861 1509 934 1548 viz.
954 1508 1192 1547 transcribed
1210 1509 1308 1546 from
1337 1508 1404 1547 the
1422 1521 1546 1560 marg.
1566 1508 1613 1546 of

151 1582 225 1606 one
245 1583 346 1621 copy
363 1570 408 1608 of
424 1571 551 1608 Aldus
566 1571 647 1610 into
667 1572 842 1609 another.

205 1631 318 1670 Card.
340 1632 578 1671 Bessarionis
595 1633 699 1684 apud
720 1632 935 1671 Montfauc.
957 1632 1059 1670 Bibl.
1079 1632 1179 1670 Bibl.
1201 1632 1298 1669 Mss.
1319 1638 1358 1669 et
1377 1631 1502 1683 Lamy
1521 1631 1605 1669 De-

148 1692 210 1730 lic.
230 1693 351 1731 Erud.
381 1694 510 1745 Capsa
530 1694 577 1732 E.
598 1695 805 1735 Demosth.
827 1708 901 1733 orr.
921 1708 1054 1732 omnes
1082 1694 1119 1731 in
1140 1706 1388 1744 pergameno.
1421 1694 1537 1744 Caps.
1558 1694 1602 1731 F.

150 1754 267 1793 Dem.
285 1769 359 1794 orr.
380 1760 445 1795 50.
463 1764 501 1794 et
522 1757 631 1808 epist.
651 1757 689 1794 in
709 1770 873 1809 papyro.
904 1757 1022 1795 Dem.
1039 1769 1114 1795 orr.
1135 1759 1201 1794 22.
1224 1763 1264 1793 et
1283 1769 1372 1807 epp.
1391 1769 1564 1807 pergam.

203 1818 250 1854 Ιη
270 1819 356 1855 locis
375 1819 535 1857 incertis.
579 1819 717 1857 Codex
737 1820 908 1865 Italicus,
939 1826 1053 1869 atque
1078 1818 1182 1856 haud
1210 1818 1290 1856 scio
1310 1830 1437 1855 annon
1466 1831 1517 1856 ex
1546 1817 1602 1855 di-

149 1879 252 1918 tione
271 1880 435 1926 Veneta,
456 1894 543 1919 cum
565 1881 628 1920 ed.
649 1881 792 1919 Aldina
808 1888 1064 1932 comparatus,
1079 1880 1136 1918 usi
1155 1887 1244 1917 sunt
1265 1879 1602 1919 Francofurtenses

147 1942 256 1992 primi
277 1942 313 1978 in
334 1943 502 1981 editione
522 1956 591 1981 sua
609 1943 845 1982 adornanda.
901 1941 1095 1980 AEschinis
1114 1942 1239 1980 codex
1259 1941 1379 1979 Fulvii
1399 1941 1543 1980 Ursini.
1566 1955 1603 1981 v.

149 2003 194 2040 P.
212 2003 324 2041 Fabri
346 2004 529 2054 Agonist.
550 2005 575 2043 1.
598 2008 662 2043 30.
675 2005 759 2043 init.

205 2065 351 2103 Codices
366 2067 601 2116 manuscripti
623 2067 770 2106 Gallici.
798 2067 1017 2104 PAnxsns.
1039 2066 1140 2104 Octo
1161 2065 1279 2103 Dem.
1294 2065 1542 2116 exemplaria,
1563 2064 1602 2104 in

145 2125 381 2165 bibliotheca
408 2128 526 2178 regia,
563 2141 723 2179 quorum
749 2141 823 2179 ope
852 2128 1042 2166 Morelius
1073 2127 1362 2176 Lambinusque
1391 2126 1600 2165 editionem

146 2200 254 2224 suam
273 2189 566 2228 concinnarunt.
590 2190 733 2227 Eorum
750 2189 921 2227 notitiam
939 2197 978 2227 et
990 2195 1123 2227 oetates
1142 2188 1263 2225 habes
1278 2188 1328 2225 ad
1342 2187 1490 2225 initium
1508 2188 1602 2226 torni

147 2251 245 2287 tertii
263 2251 379 2289 Dein.
402 2251 474 2288 Ed.
497 2252 679 2289 Cantabr.
709 2252 773 2289 De
794 2251 992 2289 codicibus
1008 2250 1121 2301 regiis
1142 2250 1309 2287 Lutetiae
1326 2250 1413 2288 vide
1435 2251 1495 2288 Cl.
1517 2250 1601 2289 Sal-

146 2311 242 2349 lierii
268 2312 410 2350 literas.
468 2313 617 2351 Ibidem
638 2313 676 2350 in
696 2313 833 2351 eadem
858 2313 949 2350 bibl.
967 2313 1075 2363 regia
1102 2319 1191 2350 sunt
1212 2312 1401 2349 AEschinis
1419 2312 1515 2350 haec.
1547 2313 1599 2352 N.

148 2377 266 2412 3280.
311 2375 523 2412 AEschines.
543 2382 582 2413 et
605 2375 667 2413 alii
687 2383 852 2426 quatuor
869 2388 892 2413 a
908 2375 968 2414 Cl.
992 2374 1166 2413 Sallierio
1188 2375 1237 2412 ad
1257 2375 1320 2412 ed.
1343 2375 1530 2427 Stephani
1550 2377 1600 2414 de

148 2451 248 2474 anno
272 2440 386 2477 1575.
408 2437 610 2488 diligenter
628 2437 755 2475 collati
782 2445 821 2476 et
849 2451 872 2476 a
897 2451 959 2476 me
987 2437 1043 2476 sic
1063 2437 1251 2488 designati
1271 2440 1389 2479 2775.
1411 2452 1486 2477 orr.
1507 2446 1599 2479 treS.

149 2500 255 2551 (mihi
278 2501 377 2550 ch.
403 2501 457 2548 1.)
484 2502 602 2540 2778.
631 2513 704 2537 orr.
737 2507 827 2538 tres.
860 2499 965 2551 (mihi
996 2500 1096 2550 neg.
1124 2500 1178 2548 2.)
1211 2502 1328 2541 3273.
1359 2517 1397 2538 π.
1430 2516 1598 2552 παραπρ.

148 2562 252 2609 (mihi
276 2562 376 2610 ch.
397 2565 450 2607 3.)
470 2563 588 2601 3279.
610 2569 746 2599 contra
768 2561 964 2599 Timarch.
985 2560 1090 2609 (mihi
1112 2560 1212 2611 Reg.
1226 2562 1282 2607 4.)

204 2625 350 2661 Praeter
378 2630 464 2660 octo
494 2623 564 2660 ista
597 2624 835 2675 exemplaria
862 2623 982 2673 regia,
1006 2623 1143 2673 quibus
1171 2635 1262 2659 usus
1285 2629 1340 2659 cst
1370 2621 1597 2668 Lambinus,

148 2692 238 2723 sunt
266 2685 378 2722 etiam
400 2685 499 2722 Cod.
520 2687 638 2725 2753.
659 2685 925 2736 bombycinus,
947 2684 1146 2721 continens
1174 2684 1290 2721 Dein.
1313 2684 1597 2724 AEschinis'etc.

148 2760 278 2798 opera,
300 2747 464 2797 scriptus
480 2747 527 2783 ab
544 2747 716 2784 Antonio
733 2745 1017 2784 Mediolanensi
1039 2745 1140 2783 circa
1157 2746 1207 2782 A.
1225 2748 1338 2784 1480.
1369 2745 1598 2785 Montefalc.

150 2809 335 2857 l'almogr.
367 2809 436 2845 (ir.
459 2821 495 2858 p.
517 2812 581 2845 84.
639 2808 861 2844 Vocabatur
885 2807 948 2844 ille
975 2806 1179 2857 aliquando
1201 2806 1388 2843 Antonius
1409 2807 1600 2854 Damilus,

144 2885 291 2922 genere
310 2872 417 2909 Cres.
477 2870 611 2908 Codex
631 2872 748 2910 2771.
769 2869 1024 2920 bombycinus
1050 2869 1180 2906 itidem
1202 2868 1316 2906 Dem.
1345 2882 1462 2919 opera
1482 2869 1598 2907 Nico·
