1824 3171
586 171 659 207 AD
692 167 1159 207 DEMOSTHENEM.
1492 167 1599 206 clxix

141 286 304 324 quaeque
335 273 383 311 ad
411 273 515 309 locos
534 273 761 322 paginarum
793 278 832 308 et
851 282 1030 308 versuum
1061 269 1222 319 alligari,
1243 275 1284 307 ut
1303 270 1526 308 varietatem
1545 270 1600 307 le-

135 335 273 372 ctionis
287 333 600 372 Demosthenicae
620 334 690 371 sub
707 346 784 371 uno
805 338 1018 382 conspectu
1037 330 1210 368 haberes.
1267 332 1471 369 Delirabat
1489 331 1602 369 Wolf

140 396 193 432 ita
211 395 382 432 scribens
405 394 442 431 in
464 394 626 445 epistola
653 395 702 432 ad
723 393 974 445 Episcopium
1004 391 1231 430 variantium
1260 393 1379 443 sylvae
1410 393 1597 442 subjecta,

138 470 176 506 p.
197 458 286 493 201.
322 455 455 493 Varias
479 456 646 494 lectiones
674 457 826 493 omnium
845 455 1038 492 editionum
1057 454 1288 503 consignatas
1309 455 1426 500 habes,
1447 467 1599 503 quarum

137 529 298 553 numeros
323 517 356 553 si
373 517 484 568 soliis
510 518 752 567 impressionis
780 523 852 554 tuoe
881 516 1140 554 accommodari
1159 515 1360 565 nequirent,
1378 514 1599 564 praetermit-

135 577 260 613 tendos
278 590 412 624 censeo,
432 575 666 629 lectoremque
692 579 897 616 monendum
927 592 970 614 eir
1000 578 1080 628 ipsa
1109 577 1202 614 serie
1231 577 1432 614 orationum
1451 583 1487 613 ct
1506 577 1598 613 loco-

133 651 214 674 rum
234 651 301 687 quo
317 651 459 689 quaeque
478 647 564 679 nota
579 642 765 690 pertineat
782 640 1007 691 deprehendi,
1064 638 1202 690 Iniqua
1221 638 1404 689 postulas,
1425 638 1476 676 mi
1495 639 1598 675 bone

135 698 266 736 Wolfi.
324 700 422 738 Tam
442 714 517 753 ego
536 702 680 754 fungus
700 716 778 742 non
809 716 908 748 sum,
940 709 984 739 ut
1013 701 1126 739 unius
1159 701 1304 739 notulae
1329 714 1466 740 caussa
1495 708 1598 742 totas

133 768 457 801 sexcentenorum
491 777 670 803 versuum
705 765 898 804 orationes
932 764 1144 815 perlegam.
1201 762 1293 801 Non
1318 763 1372 801 ita
1399 763 1596 811 festinare,

133 836 212 860 non
238 824 482 875 praecipitare
516 839 625 878 opus,
657 827 760 879 quod
791 827 925 864 ordine
947 839 1062 876 agere
1083 825 1267 872 debebas,
1289 825 1498 877 Episcopio
1519 839 1599 864 non

132 884 299 923 schedas
317 886 511 934 disjectas,
532 888 626 927 folia
643 889 816 941 Sibyllae,
836 888 928 926 alias
949 900 996 925 ex
1016 886 1098 925 aliis
1117 886 1282 934 mittere,
1305 899 1412 938 quas,
1429 900 1506 939 quo
1535 900 1596 926 es-

134 954 220 984 sent
238 948 466 995 referendae,
487 963 601 988 nemo
621 951 750 997 sciret,
782 964 869 1002 quae
897 950 989 1003 ipsae
1021 949 1093 989 sibi
1125 948 1441 989 contradicerent
1474 963 1595 1001 saepe,

132 1009 203 1046 sed
222 1009 261 1046 in
280 1011 469 1050 mandatis
485 1012 589 1059 dare,
606 1021 649 1051 ut
663 1012 940 1052 Demosthenis
960 1019 1107 1051 textum
1121 1012 1357 1051 excudendo
1378 1011 1597 1051 absolutum

131 1071 184 1108 ad
200 1078 238 1108 te
258 1072 441 1119 mitteret,
462 1088 576 1125 quem
597 1083 639 1113 tu
658 1088 727 1126 per
757 1075 885 1113 ocium
912 1075 1120 1125 relegeres,
1141 1083 1181 1113 et
1200 1074 1467 1113 annotationes
1495 1081 1596 1121 tuas,

132 1133 332 1184 variasque
352 1135 539 1175 lectiones
556 1137 606 1175 ad
628 1137 757 1176 locum
774 1149 968 1188 quemque
987 1150 1098 1176 suum
1117 1137 1294 1183 referres,
1316 1144 1357 1174 et
1375 1136 1518 1174 munde
1537 1136 1596 1174 ni-

131 1193 290 1245 tidoque
311 1203 350 1233 et
376 1197 510 1236 ordine
530 1198 743 1250 descriptas
771 1197 923 1236 chartas
954 1210 1088 1236 omncs
1117 1199 1169 1236 ad
1199 1197 1481 1250 typographum
1506 1197 1595 1236 mit-

129 1261 243 1293 teres.
300 1257 385 1294 Nisi
405 1259 604 1296 consilium
624 1259 812 1310 cepissem
834 1258 976 1296 edendi
996 1259 1287 1305 Demosthenis,
1303 1260 1408 1311 quod
1422 1272 1485 1298 me
1505 1273 1596 1299 coe-

128 1318 186 1368 git
205 1319 387 1370 quicquid
404 1333 564 1370 usquam
586 1328 755 1359 exstaret
771 1320 967 1371 copiarum
986 1320 1090 1371 typis
1111 1333 1296 1359 excusum
1317 1321 1519 1372 indagare,
1532 1335 1594 1361 se-

130 1379 222 1416 dulo
249 1386 287 1417 et
312 1393 400 1418 cum
421 1381 634 1432 pulvisculo
654 1382 873 1427 corradere,
904 1389 944 1419 et
965 1382 1100 1420 ordine
1127 1383 1321 1421 concinno
1342 1383 1494 1434 digesta
1521 1385 1596 1424 ista

129 1440 259 1479 omnia
286 1455 516 1492 proponere,
535 1456 730 1495 nunquam
761 1444 858 1482 tanti
886 1443 1078 1490 fecissem,
1107 1444 1314 1484 utilitatem
1346 1459 1451 1497 saepe
1481 1448 1593 1486 mini-

129 1515 243 1548 mam,
265 1511 332 1540 aut
351 1504 507 1551 nullam,
529 1505 695 1544 maximo
717 1513 756 1543 et
775 1506 1013 1544 aerumnabili
1033 1506 1167 1545 labore
1194 1520 1336 1545 emere.
1394 1510 1522 1552 Quem
1541 1511 1595 1550 la-

126 1564 261 1602 borem
290 1565 360 1616 ipsi
390 1566 489 1604 adeo
521 1567 751 1619 Episcopius
786 1575 826 1606 et
855 1567 930 1606 Th.
951 1568 1178 1619 Zwingerus
1206 1569 1454 1621 defugerunt,
1475 1573 1592 1612 amici

128 1626 274 1676 Wolfii,
295 1640 456 1677 quorum
484 1629 689 1680 plurimum
712 1630 909 1677 intererat,
931 1637 969 1669 et
988 1631 1052 1683 qui
1072 1630 1266 1669 debebant
1286 1639 1325 1669 et
1345 1632 1517 1671 omniurn
1536 1636 1593 1674 fa-

126 1687 267 1726 cillime
286 1697 468 1739 poterant
488 1703 577 1729 eum
597 1691 780 1743 expedire
798 1706 867 1744 pro
885 1692 1083 1738 omnibus3
1112 1692 1185 1744 ipsi
1200 1693 1300 1731 adeo
1318 1694 1593 1735 Francfurtani

125 1757 165 1787 et
181 1751 432 1791 Genevenses
452 1754 750 1802 exhorruerunt,
770 1755 833 1806 qui
847 1755 1082 1794 Wolfianum
1098 1754 1410 1795 Demosthenem
1427 1759 1592 1798 recude-

123 1820 225 1858 runt,
242 1818 347 1861 (nam
367 1814 405 1852 in
421 1823 557 1854 neutra
585 1816 811 1856 recensione
828 1818 901 1856 ista
919 1818 1091 1857 miscella
1105 1818 1260 1870 farrago
1279 1818 1319 1856 in
1335 1819 1510 1859 ordinem
1529 1834 1592 1860 re-

125 1875 240 1914 dacta
259 1884 333 1929 est,
348 1886 414 1917 aut
429 1879 582 1930 paginae
601 1893 784 1919 versusve
804 1879 904 1919 notis
924 1889 992 1919 aut
1006 1881 1240 1919 variantibus
1260 1882 1445 1934 adscripti
1458 1883 1485 1933 3)
1501 1897 1591 1923 eum

122 1938 313 1977 lectorum
338 1947 504 1989 tuorum,
527 1942 659 1990 Wolfi,
688 1950 878 1995 quotquot
897 1951 987 1982 sunt
1007 1951 1045 1982 et
1068 1951 1182 1982 erunt
1201 1944 1368 1982 omnium
1388 1946 1589 1998 unusquis-

123 2013 198 2051 que
218 2000 355 2039 viritim
374 2003 540 2042 maximo
561 2017 649 2043 cum
676 2004 794 2043 taedio
821 2004 1047 2044 devorabit?
1095 2005 1187 2044 Non
1213 2006 1413 2058 cogitabas
1444 2019 1589 2059 nempe

123 2061 179 2099 sic
199 2061 348 2100 irrideri
377 2077 498 2114 genus
517 2066 738 2113 humanum,
767 2067 821 2105 sie
849 2067 1074 2118 patientiam
1093 2074 1265 2106 nostram
1284 2067 1450 2118 fatigari.
1507 2069 1589 2107 Im-

121 2131 329 2174 portunum
350 2133 422 2172 est,
442 2133 485 2164 ut
504 2134 545 2164 tu
564 2129 665 2166 malo
686 2141 834 2174 careas,
856 2129 961 2179 quod
979 2129 1048 2167 tibi
1075 2129 1344 2176 conveniebat,
1361 2129 1443 2168 aliis
1463 2130 1587 2170 mille-

122 2185 194 2230 nis,
213 2185 261 2222 ad
277 2200 372 2236 quos
390 2187 443 2224 nil
461 2189 643 2239 pertinet,
660 2190 803 2228 malurn
824 2190 930 2228 dare.
987 2190 1090 2228 Haec
1117 2197 1177 2228 est
1207 2204 1285 2229 una
1309 2203 1451 2242 magna
1478 2192 1586 2231 labes

123 2246 300 2285 editionis
316 2248 532 2296 Wolfianae,
550 2252 699 2297 α’ταξία.
718 2251 823 2289 rudis
844 2264 891 2289 ea
911 2259 970 2290 est
982 2251 1254 2304 indigestaque
1280 2254 1415 2300 moles,
1436 2267 1586 2293 merum

121 2309 253 2355 chaos,
271 2311 376 2361 quod
391 2311 605 2350 intuentem
623 2312 760 2351 horror
779 2320 819 2351 et
833 2313 1030 2351 fastidium
1052 2322 1229 2365 occupet.
1288 2314 1368 2353 Sed
1387 2323 1446 2354 est
1465 2316 1586 2356 altera

120 2386 198 2410 non
221 2372 357 2412 levior.
416 2374 580 2412 Wolfius
601 2381 750 2414 textum
770 2375 1048 2414 Demosthenis
1076 2375 1186 2414 dedit
1215 2389 1286 2427 pro
1317 2376 1475 2416 arbitrio
1499 2392 1584 2426 suo,

119 2449 196 2474 non
222 2448 243 2473 e
269 2435 373 2473 libris
395 2437 543 2475 calamo
563 2438 745 2484 exaratis,
765 2451 843 2475 non
871 2451 919 2475 ex
945 2437 1110 2489 antiquis
1141 2438 1373 2477 editionibus
1399 2441 1583 2479 emenda-

118 2505 216 2546 tum,
243 2499 312 2536 sed
333 2511 354 2535 e
375 2499 610 2548 conjecturis
641 2500 733 2545 suis,
762 2499 895 2551 idque,
917 2500 1022 2551 quod
1041 2500 1162 2538 multo
1182 2500 1405 2551 pessimum,
1433 2501 1584 2541 lectore

118 2573 197 2597 non
224 2559 433 2598 admonito.
501 2561 588 2611 Ego
616 2561 780 2611 ipsemet
811 2574 965 2613 quoque
995 2574 1270 2612 nonnunquam
1302 2562 1582 2602 Demosthenis

119 2623 329 2660 orationem
360 2623 543 2661 arbitratu
572 2637 659 2662 meo
689 2624 896 2662 constituo.
955 2623 1035 2662 Sed
1063 2623 1128 2661 ubi
1154 2624 1220 2661 ubi
1238 2624 1354 2671 facio,
1387 2626 1580 2665 admoneo

115 2683 280 2721 lectores
302 2697 390 2721 curn
409 2684 448 2721 in
468 2684 548 2735 ipso
567 2685 695 2723 statiin
711 2693 823 2724 texto
838 2685 1024 2736 appositis
1043 2685 1248 2732 asteriscis,
1263 2686 1328 2736 qui
1347 2686 1513 2726 lectores
1528 2689 1580 2727 de

120 2757 207 2781 mea
235 2744 321 2782 crisi
343 2745 590 2792 admoneant,
612 2754 651 2784 et
671 2747 720 2785 ad
743 2747 1013 2785 annotationes
1039 2754 1190 2785 nostras
1216 2755 1414 2799 receptum
1435 2749 1580 2787 habere

117 2806 300 2855 jubeant3
328 2814 409 2844 tum
434 2807 473 2845 in
503 2808 815 2847 annotationibus
840 2821 994 2847 caussas
1014 2816 1054 2847 et
1082 2808 1247 2847 rationes
1279 2811 1579 2856 emendationis,

121 2879 191 2903 seu
211 2867 240 2903 si
261 2868 389 2914 mavis,
410 2870 631 2908 mutationis
652 2872 840 2922 cujusque
862 2884 885 2909 a
899 2884 959 2909 me
980 2871 1211 2921 excogitatae
1233 2878 1271 2908 et
1291 2872 1327 2908 in
1346 2880 1491 2910 textum
1512 2872 1579 2910 ad-

120 2927 246 2964 missae
277 2940 426 2979 expono
458 2931 492 2969 in
507 2932 831 2979 annotationibus,
850 2940 889 2971 et
903 2932 1072 2971 tabulam
1100 2933 1194 2971 calci
1224 2934 1349 2985 operis
1380 2933 1580 2984 subjiciam

178 3010 275 3034 voi..
310 3011 338 3036 Ι.
845 3016 866 3051 y
