1824 3171
274 193 375 238 110

664 197 1302 241 ΔΗΜΟΣΘΕΝΟΎΣ

266 306 366 372 εξ
340 332 387 368 ης
411 306 466 360 ἄν
492 333 602 367 τινος
628 310 727 378 υμῖν
752 306 933 370 ἦλικιοις
960 324 1110 368 κοιλως
1155 334 1270 376 exem
1298 309 1487 379 ὃσκῇ,χ
1447 311 1595 403 χρὸνον
1631 335 1716 363 τοι·

265 382 371 434 κτόν
372 406 782 470 στρατευομενους,
810 382 873 452 μὴ
898 407 1068 453 μακρον
1096 408 1266 447 τουτον,
1283 385 1393 436 ἀλλ’
1419 408 1516 436 οσον
1541 385 1595 436 οἳν
1616 383 1719 455 δοκῇ

264 471 416 514 κοιλως
443 455 578 522 ἔχειν,
606 481 654 508 εκ
680 455 888 522 διαδοχῆς
921 456 1151 518 α’λλῆλοις
1183 459 1282 517 τούς
1309 457 1353 509 δ’
1377 458 1543 517 ἄλλους
1577 457 1717 524 ξενους
1735 479 1788 513 46

263 526 369 582 εἶναι
409 530 587 582 κελεύω.
628 554 706 581 και
743 530 867 615 pte’roZ
909 530 1072 581 τούτων
1118 531 1288 590 ἶππεας
1327 530 1591 592 &azoel-m
1635 557 1729 585 και

263 603 278 630 1

291 603 452 655 τούτων
478 604 755 664 πεντήκοντοι
799 603 1057 665 Αθηναιους
1085 603 1410 670 τούλάχιστον,
1437 605 1591 698 ὥςπερ
1617 630 1718 665 τους

195 694 241 728 12
260 675 445 749 πέζθυς,
474 702 548 729 7·ον
587 701 723 730 aeuTov
754 701 915 745 ΤρθῖῢὊν
949 701 1336 753 στρατευομένους.
1373 703 1451 731 καί
1491 680 1714 747 ἱππαγω-

787 777 796 796 ¹
813 775 918 805 τούτων
932 775 1001 806 εἶναι
1018 776 1190 806 πεντήκοντα

257 843 469 883 praescriptum
499 849 618 883 tempus
644 844 674 873 id
702 843 880 882 reliquerat,
909 844 972 872 De-

257 886 383 916 sertoris
398 897 487 925 poena
503 887 695 925 plectebatur
709 898 715 915 :
739 897 880 916 numerus
898 896 971 915 vero

256 929 362 959 horum
387 929 515 959 militum
540 930 565 958 is
581 934 645 959 erat
660 940 749 968 quem
768 930 811 958 rei
829 929 971 968 gerenda}

255 971 332 1001 ratio
367 972 549 1011 postulabat.
611 972 828 1002 Demosthenis
870 976 968 1001 autem

256 1019 405 1053 tempore,
422 1015 561 1044 obsoleta
577 1021 648 1044 sunt
664 1016 728 1044 haec
752 1015 860 1043 omnia.
907 1015 968 1043 Im—

255 1062 389 1095 perator,
418 1057 571 1087 Factionis
596 1057 791 1096 praevalentis
819 1067 876 1096 ope
908 1057 969 1086 ele-

1005 841 1086 871 tione
1099 842 1210 872 eitatus
1224 842 1253 874 in
1271 852 1345 872 voce
1358 840 1497 880 στρατεὶα
1513 841 1537 871 ἐν
1552 844 1612 878 τοῖς
1625 842 1713 874 Ἐπω-

1004 884 1108 923 νύμοις·
1131 888 1254 925 Χρῶνται
1277 883 1303 914 δὲ
1325 886 1382 918 τοῖς
1398 883 1567 923 Ἐπωνύμοις
1586 886 1633 914 καὶ
1649 886 1714 926 πρὸς

1005 929 1060 960 τὰς
1071 926 1232 967 στρατείας·
1250 927 1296 956 καὶ
1317 926 1384 958 ὅταν
1398 926 1504 958 ἡλικίαν
1518 927 1713 965 ἐκπέμπωσι,

1005 971 1224 1010 προσ-γράφουσι,
1243 969 1299 1000 &nb
1322 970 1390 1004 τίνος
1413 971 1543 1011 ἄρχοντος
1568 969 1714 1011 ἐπωνύμου

1002 1012 1093 1052 μέχςι
1112 1012 1181 1046 τίνος
1197 1013 1239 1042 δεῖ
1252 1012 1458 1052 στρατεύεσθαι
1472 1025 1477 1042 :
1507 1012 1643 1043 Utuntur
1656 1025 1711 1043 au-

1003 1061 1056 1083 tem
1085 1055 1242 1094 Epmzymis
1261 1058 1350 1084 etiam
1369 1056 1407 1085 ad
1425 1056 1581 1092 militiam;
1603 1062 1631 1086 et
1646 1066 1714 1087 cum

254 1104 406 1135 ctuS,uon
421 1099 524 1129 nisiex
537 1100 748 1139 peregriniset
760 1099 968 1135 mercenariis,
992 1098 1182 1135 juventutem
1218 1099 1367 1133 emittunt,
1397 1098 1577 1133 adscribunt,
1609 1110 1627 1128 a
1656 1109 1712 1138 quo

256 1143 306 1181 qui
324 1143 399 1172 male
416 1143 602 1178 serviebam,
618 1143 789 1173 exercitum
813 1142 964 1171 conflavit.

256 1186 478 1215 Demosthenes
501 1186 646 1224 postulat,
669 1191 701 1215 ut
722 1187 830 1215 iterum
849 1185 967 1213 valeant

255 1229 378 1267 antiqua
388 1229 578 1259 consuetudo
592 1233 623 1258 et
634 1228 805 1267 disciplina.
822 1227 966 1257 Toni-rell.

255 1271 399 1302 Μουκτ.

297 1312 345 1353 Ἐξ
366 1312 396 1348 ἧς
410 1313 442 1343 ἄν
458 1325 528 1348 τινος
549 1313 631 1354 ὑμῖν]
657 1314 761 1348 Cives,
777 1311 830 1352 qui
845 1315 963 1341 aetatem

254 1357 455 1396 quadraginta
493 1367 638 1387 annorum
669 1361 876 1390 excesserant,
907 1355 963 1384 im-

253 1410 359 1429 munes
383 1406 468 1430 erant
494 1411 511 1429 a
533 1399 649 1428 militia.
677 1398 899 1428 Demosthenes
914 1408 964 1427 eo-

253 1452 318 1471 rum
345 1442 465 1480 judicio
488 1442 641 1480 relinquit,
665 1451 700 1470 au
723 1451 780 1470 non
798 1442 963 1469 Veterano-

253 1495 318 1514 rum
344 1485 505 1524 privilegia
522 1485 706 1522 suspendere
723 1494 760 1513 ex
776 1493 808 1512 re
834 1483 904 1517 erit,
931 1487 964 1512 ut

252 1537 289 1556 eo
315 1529 412 1567 magis
437 1527 667 1557 exercitatiores
687 1527 818 1556 babeant
839 1526 963 1555 milites.

254 1569 396 1600 Tonrrell.
413 1571 518 1601 IDEM.

293 1611 339 1651 Ἐξ
360 1611 390 1646 ἧς
411 1613 443 1643 ἄν
465 1625 533 1647 τινος
553 1611 674 1652 ἡλικίας]
711 1613 754 1642 Ut
780 1612 845 1641 haec
868 1612 960 1641 verba

250 1655 468 1694 intelligantur,
484 1666 582 1695 panca
598 1662 666 1685 sunt
684 1655 722 1684 de
740 1654 855 1684 ratione
879 1654 959 1684 mili-

249 1702 313 1728 tum
339 1699 468 1729 Athenis
494 1698 785 1729 conscribendorum
801 1697 958 1736 explican-

248 1741 308 1770 da:
333 1742 516 1780 praesertim,
533 1751 601 1770 cum
615 1751 651 1770 ea
665 1751 714 1769 res
731 1741 783 1769 vix
799 1740 872 1768 satis
886 1740 959 1768 mihi

250 1784 372 1813 videtur
387 1785 494 1819 fuisse,
521 1784 572 1813 vel
596 1793 614 1812 a
632 1783 745 1817 Petito,
764 1782 812 1811 vel
832 1782 868 1811 ab
891 1782 958 1811 aliis

249 1836 325 1865 quos
343 1826 405 1856 vidi
421 1826 652 1859 recentioribus.
668 1825 833 1855 intellecta.
870 1824 958 1854 AEtas

249 1869 388 1899 militaris
413 1870 450 1898 ab
472 1870 592 1899 decimo
616 1873 725 1898 octavo
746 1877 822 1896 anno
845 1867 958 1905 pertin-

249 1912 340 1949 gebat
367 1922 462 1951 usque
487 1913 524 1942 ad
549 1912 797 1950 sexagesimum:
822 1910 902 1949 quod
927 1915 958 1939 et

248 1955 329 1984 clare
356 1958 485 1984 testatur
511 1954 726 1993 HarpocratiO,
748 1963 822 1982 voce
840 1951 958 1982 Ἐπῶνυ-

245 2009 309 2035 μοι,
326 2002 437 2027 temere
455 2008 472 2027 a
491 1997 594 2027 Petito
611 1997 795 2025 solicitatus:
820 1999 850 2024 et
866 2005 903 2024 ex
918 1995 957 2024 iis

247 2050 314 2078 quae
330 2045 506 2078 sequuntur.
524 2039 650 2069 ulterius
678 2038 803 2077 patebit.
830 2038 957 2073 Omnes,

247 2092 374 2120 quornm
391 2088 463 2112 oetas
478 2083 555 2112 intra
571 2082 626 2111 hos
642 2081 755 2110 limites
769 2080 865 2114 stetit,
881 2081 957 2110 albis

248 2125 387 2164 inscripti
412 2129 507 2161 erant,
521 2135 588 2165 quae
606 2124 769 2153 serv-ibant
785 2127 838 2153 42.
859 2123 957 2161 Magi-

247 2172 371 2202 stratus,
388 2168 540 2207 Eponymi
555 2167 718 2205 nuncupati
733 2177 741 2203 3
766 2166 808 2194 ita
822 2170 855 2195 ut
868 2176 957 2195 unus-

247 2211 374 2250 quisque
393 2211 571 2249 Eponymus
587 2220 690 2239 eorum
707 2209 820 2238 civium
837 2208 957 2237 nomina

247 2253 316 2282 albo
338 2263 393 2282 suo
422 2253 569 2292 inscripta
586 2256 713 2286 teneret,
729 2251 780 2290 qui
804 2261 858 2289 per
875 2251 954 2280 idem

246 2305 390 2325 annorum
432 2296 563 2335 spatium
608 2295 813 2324 militaverant
833 2303 840 2328 ς
880 2303 956 2323 unus

248 2347 357 2376 nempe
380 2349 482 2368 eorum
499 2339 549 2377 qui
567 2338 687 2367 unicum
703 2336 888 2374 stipendium
914 2336 956 2364 se—

247 2385 361 2415 cecant,
377 2382 454 2411 alter
469 2391 571 2411 eorum
594 2380 644 2418 qui
667 2379 748 2414 bina,
765 2379 853 2408 etsie
869 2378 956 2408 dein-

246 2432 331 2460 ceps·
389 2425 489 2462 (Quot
526 2423 620 2461 igitur
652 2432 745 2451 annos
771 2425 955 2459 quotamque

244 2464 343 2494 aetatis
360 2472 488 2504 partem,
503 2465 692 2495 militandum
716 2463 816 2499 fuerit,
838 2463 885 2493 vel
903 2463 955 2493 bo-

244 2517 309 2537 rum
326 2508 554 2546 magistratuum
571 2518 714 2537 numerus
726 2506 861 2543 indicat;
885 2516 954 2536 cum

247 2551 324 2579 inter
348 2560 452 2580 omues
482 2555 600 2580 constet
624 2556 757 2588 tempus.
780 2559 796 2578 a
819 2559 878 2587 quo
901 2550 954 2579 sti-

245 2592 354 2631 pendia
380 2603 496 2623 merere
519 2591 697 2631 coeperint.)
740 2591 878 2621 Instituti
901 2601 954 2621 au-

245 2640 304 2664 tem
323 2635 413 2664 istius
428 2635 476 2664 hia
493 2645 564 2664 usus
576 2636 642 2664 fnit.
690 2634 837 2673 Populus,
859 2644 953 2673 quun-

242 2677 404 2716 ·docunque
428 2677 655 2716 expeditionem
677 2677 867 2710 decerneret,
882 2682 953 2706 aeta-

245 2725 305 2750 tem
324 2720 411 2749 simul
434 2730 535 2750 eorum
557 2720 679 2749 definire
697 2720 825 2753 solebat,
843 2720 952 2757 quibus

245 2768 309 2792 erat
326 2762 355 2791 in
371 2763 473 2792 hostes
489 2763 705 2798 egrediendum
719 2773 725 2790 z
750 2761 780 2800 ἐξ
792 2759 822 2795 ’ἦς
836 2761 868 2790 ἄν
883 2773 954 2794 τινος

243 2804 325 2844 αὐτῷ’
338 2805 445 2839 ἡλικίας
460 2807 553 2838 καλῶς
573 2804 645 2844 ἔχειν
669 2804 746 2843 δοκῇς
772 2804 884 2833 deiude
899 2804 951 2842 qui

245 2848 367 2882 suerint,
384 2848 434 2887 qui
453 2847 508 2877 hoo
529 2848 656 2878 decreto
676 2852 778 2876 essent
802 2845 950 2881 obstricti,

244 2891 390 2928 inspectis
422 2892 644 2929 Eponymorum
673 2889 820 2926 catalogis
850 2889 949 2918 statim

244 2933 377 2971 patebat.

244 2976 436 3010 Aristoteles,
451 2977 489 3005 de
504 2977 583 3015 Rep.
597 2974 705 3004 Athen.
723 2975 759 3003 ub
776 2974 950 3011 Harpocra-

438 2935 537 2972 Atquo
575 2933 631 2961 hnc
666 2938 724 2966 est,
749 2931 829 2970 qnod
854 2931 952 2960 innuit
985 2930 998 2970 [

1002 1139 1147 1169 Archonce
1173 1139 1321 1179 Eponymu
1343 1150 1433 1180 usqne
1452 1141 1493 1170 ad
1507 1151 1591 1180 quem
1606 1142 1713 1180 stipen-

1001 1182 1053 1210 dia
1068 1192 1175 1212 merere
1194 1188 1340 1220 oportent:
1364 1183 1420 1212 boc
1447 1190 1505 1218 est,
1521 1194 1538 1213 a
1555 1193 1615 1222 quo
1630 1189 1711 1214 cata-

1001 1224 1064 1264 logo
1083 1235 1178 1264 usqne
1203 1226 1240 1254 ad
1263 1226 1589 1264 quem—Quanquam
1610 1231 1712 1256 autem

1001 1268 1210 1305 sexagenariis
1232 1268 1306 1296 solis
1335 1268 1454 1298 militiae
1484 1273 1548 1297 erat
1578 1269 1710 1306 vacatio,

998 1310 1093 1350 (unde
1108 1311 1309 1350 ἀστράτευτοι,
1327 1314 1357 1340 et
1383 1310 1458 1351 ὑπὲρ
1478 1310 1524 1340 τᾶν
1539 1311 1708 1349 κατάλογον,

999 1358 1147 1382 vocantur
1176 1364 1193 1382 a
1219 1354 1356 1388 Polluce,
1382 1354 1490 1383 Onom.
1519 1353 1550 1382 ii.
1581 1355 1649 1391 11.)
1678 1355 1708 1384 iu

999 1405 1082 1425 more
1098 1401 1198 1425 tamen
1217 1396 1349 1434 positum
1367 1396 1436 1430 suit,
1452 1396 1527 1435 (non
1544 1396 1613 1434 lege
1640 1406 1707 1426 san-

998 1439 1103 1473 citum,
1127 1438 1209 1477 quud
1240 1438 1314 1467 salso
1350 1438 1449 1467 credit
1484 1438 1653 1478 Ulpianus)
1675 1444 1709 1469 ut

998 1480 1088 1510 etiam
1123 1481 1372 1519 quadragenariis
1402 1481 1508 1510 eadem
1533 1481 1707 1513 immunitas

998 1524 1227 1558 concederetur,
1244 1524 1302 1553 nisi
1318 1524 1347 1552 in
1371 1523 1546 1554 difficilibus
1562 1524 1707 1562 reipubli-

998 1576 1042 1596 cae
1067 1567 1273 1606 temporibus:
1309 1567 1389 1595 uude
1418 1567 1460 1596 ait
1484 1567 1560 1596 infra
1591 1567 1706 1597 Demo-

994 1610 1126 1645 sthenes,
1141 1610 1270 1651 Olyrrtl».
1285 1615 1316 1639 Β.
1333 1609 1396 1650 (Γ).
1413 1608 1450 1646 γ’.
1466 1611 1507 1640 45
1523 1611 1706 1640 annositatis

994 1652 1257 1692 indictumjuisse,
1272 1658 1308 1680 nt
1334 1661 1421 1681 naues
1446 1653 1650 1688 conscendant,
1665 1653 1704 1682 ob

994 1695 1167 1733 flagrantem
1199 1695 1226 1724 in
1256 1695 1429 1733 Philippum
1454 1695 1702 1734 indignationem.

995 1738 1107 1768 Narrat
1125 1737 1307 1767 Plutarchus
1329 1737 1527 1772 Phocionem,
1551 1738 1671 1776 jussum
1688 1748 1705 1767 a

994 1780 1118 1819 populo,
1147 1779 1332 1809 alienissimo
1363 1780 1411 1819 (ut
1437 1780 1496 1818 ipsi
1516 1780 1614 1809 visum
1639 1779 1705 1820 est)

991 1823 1069 1862 reip.
1085 1828 1236 1861 tempore,
1249 1822 1359 1852 bellum
1371 1822 1539 1861 suscipere,
1555 1832 1610 1861 per
1625 1833 1704 1861 prae-

991 1875 1096 1894 eonem
1112 1865 1260 1900 edixisse,
1277 1871 1310 1894 ut
1325 1875 1431 1895 omnes
1445 1867 1482 1894 ab
1500 1865 1703 1895 adolescentia

991 1908 1029 1937 ad
1060 1909 1282 1947 sexagesimum
1310 1918 1404 1946 usque
1427 1918 1538 1937 annum
1561 1907 1662 1938 statim
1687 1919 1704 1938 a

991 1951 1138 1980 concione
1154 1961 1222 1980 sese
1250 1951 1279 1980 in
1307 1957 1405 1980 castra
1433 1952 1701 1989 subsequerentur.

992 1993 1148 2023 Adversus
1175 1994 1232 2022 hoc
1257 1993 1391 2023 edictum
1415 1993 1497 2023 nulla
1516 2004 1548 2023 se
1565 1993 1632 2031 lege
1648 1993 1702 2023 de-

992 2036 1113 2065 fendere
1129 2040 1292 2075 pot-uerunt
1304 2036 1460 2066 seniores:
1483 2036 1701 2075 maluititaque

991 2079 1124 2117 populus
1141 2089 1158 2107 a
1173 2079 1254 2107 bello
1270 2079 1339 2117 ipso
1355 2079 1506 2108 desistere
1530 2089 1619 2117 quam
1646 2079 1700 2108 ob-

992 2126 1211 2150 murmurantes
1247 2126 1279 2150 et
1310 2131 1419 2160 graves
1450 2121 1535 2150 annis
1557 2122 1594 2151 ad
1618 2127 1701 2152 arms

1003 2165 1156 2193 etrahere.
1180 2165 1300 2194 Srocx.

1035 2205 1284 2246 Στρατευομέγους]
1311 2204 1404 2240 Ἴσως,
1427 2205 1698 2245 στρατευσομένους.

989 2249 1086 2279 ΤΛΥι
1090 2259 1144 2279 on.

1033 2289 1080 2320 Ἐκ
1109 2290 1238 2331 διαδοχῆς
1266 2289 1442 2329 ἀλλήλοις]
1443 2288 1533 2320 'naa-s
1559 2290 1699 2324 ἀλληλους

991 2333 1187 2374 διαδέχεσθαι.
1216 2334 1332 2363 w.01„r
1359 2334 1415 2367 lta,
1433 2338 1465 2362 ut
1481 2333 1567 2362 alteri
1584 2334 1698 2363 alteros

990 2377 1161 2414 excipiant:
1186 2373 1346 2405 similiter¹
1337 2386 1368 2404 εκ
1390 2374 1589 2414 προσηκόντων.
1599 2377 1698 2406 Thun-

990 2417 1034 2448 iii.
1052 2420 1103 2448 67.
1136 2419 1182 2447 De
1199 2429 1253 2448 usu
1282 2417 1377 2447 dativi
1405 2428 1473 2447 cum
1498 2418 1699 2448 substantivis

992 2460 1293 2501 vi‹1.Matth.Gr.§.
1309 2462 1383 2491 396.
1411 2460 1536 2491 ntimo.

1032 2505 1101 2538 Τους
1125 2502 1147 2532 δ’
1176 2504 1280 2537 ἄλλους
1302 2503 1388 2543 ξένους
1415 2501 1481 2532 εἶναι
1510 2502 1634 2542 κελεύω]
1661 2504 1696 2533 In

989 2546 1097 2576 militia
1112 2545 1291 2576 Atheniensi
1319 2555 1423 2575 omnes
1447 2550 1534 2575 extra
1563 2545 1697 2575 Atticam

988 2590 1050 2618 nati
1066 2600 1121 2628 pro
1138 2589 1307 2628 peregrinis
1319 2589 1514 2618 habebantur.
1538 2587 1698 2626 Peregrini

987 2631 1092 2661 itidem
1104 2643 1119 2662 a
1128 2631 1325 2662 Mercenariis
1338 2630 1617 2668 distinguebantur:
1643 2630 1697 2660 illo

989 2675 1107 2703 nomine
1122 2675 1141 2704 ii
1157 2673 1268 2704 milites
1278 2673 1466 2702 vocabantur
1479 2682 1554 2710 qnos
1569 2682 1586 2700 u
1597 2672 1697 2702 Sociis

988 2722 1121 2746 mutuata
1137 2721 1185 2746 est
1211 2715 1419 2753 Respublicn;
1446 2715 1501 2743 hoc
1518 2725 1605 2749 vero,
1620 2725 1696 2754 quos

987 2760 1127 2788 mercede
1140 2758 1299 2788 conduxit.
1346 2758 1464 2786 Horum
1477 2757 1609 2787 maxima
1625 2767 1696 2796 pars

986 2811 1023 2830 ex
1043 2801 1133 2831 Creta
1149 2801 1314 2830 ducebatur
1340 2809 1407 2838 qum
1423 2799 1548 2837 optimis
1573 2800 1699 2830 Jacula«

988 2844 1104 2873 toribus
1121 2842 1267 2882 pollebat.
1291 2840 1434 2872 Tam-reu.
1459 2843 1598 2873 ΜουΝτ.

1028 2885 1078 2915 Καὶ
1090 2886 1275 2923 ἱππαγωγοὶ-ς
1287 2884 1404 2917 τούτοις·
1419 2883 1482 2925 εἷεν]
1498 2884 1695 2915 Rubor-tellus

1006 2929 1161 2958 Emendat.
1179 2939 1206 2958 c.
1223 2932 1251 2958 2.
1270 2928 1358 2957 Grnt.
1374 2927 1463 2956 Thes.
1481 2929 1595 2958 Criu-t,
1612 2927 1644 2957 ii.
1662 2936 1694 2965 p.

984 2972 1052 3011 30]
1063 2971 1123 3010 legi
1134 2970 1209 3001 vult:
1224 2970 1270 3000 καὶ
1284 2970 1448 3008 ἱππαγωγοὶ
1464 2969 1501 3004 ς’.
1513 2970 1624 3003 τούτοις
1632 2969 1695 3000 εἶεν.
