1824 3171
120 115 179 157 xiv
292 110 422 148 ALDI
453 109 703 148 MANUTII
734 108 906 147 PRAEF.
937 108 1017 146 AD
1048 106 1187 146 DEM.
1219 107 1390 146 SUUM.

120 212 271 250 ennium
293 211 523 250 desideranti
553 211 617 248 tibi
647 211 837 248 orationes
865 210 1149 255 Demosthenis,
1177 210 1281 247 brevi
1300 222 1360 247 me
1379 207 1558 246 informa-

118 280 174 310 tas
200 285 286 310 mea
304 285 394 310 cura
421 273 700 323 publicaturum
730 272 872 322 recepi.
929 271 1005 309 Sed
1025 279 1082 309 tot
1101 271 1141 308 id
1159 270 1250 307 mihi
1268 269 1429 308 tentanti
1455 268 1557 307 acci·

118 335 256 372 derunt
275 334 558 384 impedimenta,
577 340 618 370 ut
629 345 802 383 persaepe
817 332 958 370 excudi
973 339 1120 382 coeptas
1133 331 1411 376 intermiserim,
1428 330 1561 368 Carte-

117 394 298 431 romacho
313 393 426 430 etiam
444 400 573 430 nostro
590 392 814 438 demirante‚
829 392 998 442 illudque
1018 392 1043 429 J
1048 390 1213 428 uvenalis
1230 403 1330 440 saepe
1345 396 1560 440 repetente,

118 454 204 492 Diis
223 454 286 491 ille
306 453 472 491 adversis
486 453 632 503 genitus
648 453 801 502 fatoque
821 452 983 498 sinistro,
1001 464 1086 489 cum
1100 451 1214 488 etiam
1227 450 1430 488 admodum
1446 462 1560 499 quam

116 528 241 566 pauca
261 527 390 552 earum
411 515 622 551 orationum
649 513 825 564 exempla
851 512 1103 564 imprimenda
1125 511 1347 555 curaverim,
1366 510 1481 560 idque
1497 522 1560 547 co-

116 582 235 619 actus,
253 575 355 625 quod
371 575 407 610 in
423 575 527 612 nullo
543 582 631 611 ante
652 574 791 612 accidit
806 573 995 611 volumine
1015 585 1161 610 excuso
1179 571 1217 608 in
1236 571 1391 609 thermis
1410 570 1560 607 nostris.

118 638 288 678 Quorum
318 636 481 672 omnium
507 642 563 672 est
585 635 674 671 mihi
695 634 857 685 optimus
877 634 983 671 testis
1006 632 1181 682 Angelus
1203 631 1425 670 Chabrielus
1445 630 1562 681 patri-

117 698 197 734 cius
219 697 402 740 Venetus,
434 696 659 734 excellentis
687 696 740 733 vir
762 695 916 746 ingenii,
937 702 975 732 et
992 695 1030 731 in
1052 702 1212 744 utraque
1235 693 1367 743 lingua
1386 690 1562 729 doctissi-

117 771 212 802 mus,
233 757 578 807 Demosthenisque
597 756 904 802 studiosissimus,
923 756 986 806 qui
1010 769 1032 793 a
1051 768 1110 793 me
1130 755 1205 792 hoc
1225 767 1319 805 opus
1341 751 1562 804 quotidiano

115 819 211 864 fere,
234 826 274 856 ut
293 818 344 856 ait
364 818 439 862 ille,
461 818 645 862 convicio,
666 824 706 854 ut
720 821 800 865 jam
820 816 1088 855 excudendum
1109 828 1294 860 curarem,
1315 813 1559 863 efflagitabat.

118 882 347 930 Quanquam
364 886 403 916 et
422 879 514 915 illud
530 891 699 915 servasse
714 877 861 915 videtur
878 877 1043 921 fortuna,
1064 883 1119 921 ut,
1137 874 1456 924 quemadmodum
1468 873 1561 910 felix

116 940 180 977 ille
208 952 357 989 semper
385 938 457 974 fuit
487 938 720 987 eloquentia,
757 945 797 975 et
821 937 1037 974 aeternitate
1064 936 1295 986 scriptorum
1321 947 1489 979 suorum,
1509 934 1565 972 ita

116 1000 258 1045 nescio,
280 998 468 1050 quomodo
488 999 763 1049 pulcherrimus
782 998 842 1035 hic
861 998 958 1035 liber
974 996 1155 1042 omnium,
1176 1009 1271 1047 quos
1289 995 1564 1046 imprimendos

115 1062 174 1099 vel
197 1061 310 1098 latine
330 1060 390 1097 vel
410 1073 537 1110 graece
557 1059 784 1102 curavimus,
807 1058 888 1095 exit
907 1057 945 1094 in
964 1057 1158 1108 publicum
1178 1069 1228 1094 ex
1249 1056 1393 1093 aedibus
1408 1056 1562 1094 nostris.

117 1122 373 1164 Quamobrem
400 1121 430 1158 si
459 1121 577 1158 serius
603 1119 651 1157 ad
670 1126 707 1157 te
726 1119 841 1164 venit,
865 1131 978 1169 quam
998 1126 1037 1156 et
1057 1126 1099 1155 tu
1115 1118 1282 1163 volebas,
1303 1124 1342 1155 et
1359 1117 1441 1167 ipse
1461 1117 1562 1155 desi-

117 1185 310 1228 derabam,
343 1196 418 1221 non
452 1182 540 1219 mihi
573 1181 686 1218 velim
718 1181 897 1231 imputeS‚
930 1179 1000 1217 sed
1031 1179 1306 1217 Demosthenis
1340 1178 1556 1224 infortunio,

117 1259 228 1295 quem
249 1258 397 1283 summo
417 1257 503 1282 cum
532 1243 661 1280 labore
682 1250 720 1279 et
748 1242 930 1279 industria
950 1241 1099 1286 fecisse,
1122 1255 1206 1291 quae
1225 1241 1327 1286 fecit,
1349 1240 1488 1286 omnia,
1508 1240 1560 1278 le·

116 1306 253 1355 gimuS.
311 1307 456 1344 Rursus
492 1303 751 1355 pulcherrimis
789 1302 1077 1340 characteribus
1112 1309 1151 1340 et
1186 1314 1370 1353 perquam
1408 1300 1561 1338 decenti

116 1368 250 1412 forma,
267 1368 490 1417 habituque,
510 1378 584 1402 nec
600 1378 677 1402 non
697 1363 1024 1413 castigatissimus,
1045 1363 1122 1400 exit
1142 1363 1180 1399 in
1198 1375 1331 1400 manus
1350 1362 1559 1406 hominum,

117 1432 164 1471 ὡς
180 1432 269 1466 κατὰ
289 1432 354 1473 τὴν
371 1430 678 1475 παλιγγενεσίαν,
695 1439 771 1462 non
790 1432 919 1462 tamen
938 1424 1134 1461 industriae
1150 1431 1304 1469 nostrae,
1320 1423 1389 1460 sed
1404 1421 1562 1459 assiduis

117 1488 216 1526 curis
232 1488 439 1532 adscribas,
460 1500 574 1537 quam
594 1486 691 1522 illius
709 1486 855 1535 gratiae,
873 1492 912 1522 et
927 1485 1113 1530 felicitati,
1134 1497 1248 1535 quam
1262 1496 1410 1534 semper
1431 1483 1467 1519 in
1484 1482 1562 1521 suis

115 1550 248 1587 habuit
278 1548 617 1587 lucubrationibus.
674 1548 758 1584 Has
790 1560 881 1584 vero
915 1545 1192 1584 Demosthenis
1226 1545 1426 1589 orationes,
1457 1543 1562 1583 Clari

117 1610 345 1656 doctissime,
359 1609 499 1648 nomini
514 1616 582 1646 tuo
598 1614 850 1658 nuncupatas,
865 1621 912 1645 ex
925 1607 1186 1645 Neacademia
1198 1613 1330 1644 nostra
1345 1605 1561 1651 emittimus,

117 1673 164 1709 ob
200 1672 333 1710 multas
361 1683 506 1715 causas,
537 1670 606 1707 sed
634 1669 827 1720 praecipua
855 1677 914 1707 est
943 1662 1144 1718 singularis
1172 1667 1429 1705 benivolentia
1454 1667 1493 1703 in
1523 1673 1562 1704 te

116 1747 213 1777 mea,
236 1734 284 1770 ob
305 1733 434 1770 miram
455 1731 683 1782 probitatem
704 1738 821 1775 tuam,
844 1737 883 1767 et
903 1730 1129 1774 doctrinam,
1158 1729 1419 1779 bonarumque
1440 1728 1565 1765 litera-

118 1808 198 1831 rum
219 1794 489 1844 cognitionem.
546 1792 645 1829 Tum
666 1792 753 1842 quia
781 1791 819 1828 in
845 1791 990 1841 inclyta
1014 1791 1086 1828 ista
1107 1791 1201 1827 urbe
1229 1790 1381 1826 alumna
1398 1789 1563 1826 virorum

117 1856 298 1892 nobilium
322 1854 529 1905 Epidauro,
557 1853 617 1891 cui
646 1865 749 1889 nunc
780 1852 972 1889 Rhacusae
1001 1858 1059 1888 est
1090 1863 1244 1895 nomen,
1275 1857 1315 1887 et
1341 1850 1491 1895 latinas,
1523 1857 1562 1887 et

118 1929 265 1966 graecas
283 1916 412 1954 literas
438 1914 639 1965 profiteris,
668 1913 908 1963 instituisque
934 1914 1173 1962 juventutem
1199 1912 1307 1948 istam
1335 1911 1563 1962 eloquentiae

116 1978 323 2015 studiosam
348 1984 429 2014 arte
450 1975 617 2021 dicendi,
647 1974 749 2024 quod
783 1975 882 2012 duce
912 1973 1192 2017 Demosthene,
1215 1980 1253 2009 et
1281 1980 1320 2009 te
1340 1972 1562 2023 interprete,

118 2053 229 2090 quam
251 2039 430 2076 facillime
449 2044 715 2086 consequetur.
771 2036 819 2073 Id
838 2036 942 2086 quod
962 2049 1008 2073 eo
1029 2035 1142 2072 etiam
1163 2033 1237 2071 feci
1260 2033 1450 2078 libentius,
1471 2046 1563 2083 quo-

118 2101 217 2137 niam
234 2101 263 2137 si
280 2100 440 2150 cuipiam
456 2098 672 2148 reipublicae
696 2096 964 2135 Demosthenis
980 2096 1172 2133 orationes
1194 2095 1255 2132 die
1275 2101 1466 2144 nocteque
1482 2094 1561 2131 vol-

116 2161 261 2199 vendos
280 2167 456 2198 accurate
485 2159 672 2203 existimo,
691 2158 749 2195 isti
778 2158 963 2195 existimo.
1020 2157 1121 2194 Nam
1150 2155 1220 2193 etsi
1239 2155 1338 2192 viros
1367 2155 1467 2192 omni
1487 2155 1560 2192 vir-

118 2231 201 2260 tute
220 2222 414 2273 praeditos,
437 2228 476 2258 et
490 2219 799 2270 prudentissimos
814 2219 942 2262 habet,
962 2217 1092 2268 quales
1108 2216 1183 2253 vidi
1202 2216 1280 2266 ipse
1296 2216 1468 2254 Venetiis
1482 2216 1563 2254 Da-

118 2284 257 2321 nielem
280 2282 453 2320 Restium
474 2281 682 2318 secundum
704 2280 807 2330 apud
827 2280 998 2316 Venetos
1018 2278 1243 2327 fungentem
1263 2277 1463 2327 legationis
1483 2277 1562 2315 offi-

119 2345 190 2390 cio,
219 2352 258 2381 et
285 2344 439 2381 Petrum
470 2342 662 2379 Mentium
690 2340 813 2378 Restii
841 2340 1043 2389 collegam,
1069 2346 1196 2376 tamen
1220 2338 1422 2389 praeceptis
1448 2352 1562 2389 quam

120 2406 271 2457 optimis
309 2412 500 2442 oratorum
540 2403 706 2440 omnium
739 2400 1014 2439 Demosthenis
1043 2399 1157 2438 facile
1191 2400 1387 2450 principis,
1420 2407 1564 2450 quanta

120 2467 301 2518 tyrannis,
334 2472 371 2503 et
402 2465 588 2515 Philippis
617 2462 793 2501 habenda
821 2462 869 2499 sit
899 2461 1009 2506 fides,
1043 2474 1118 2498 non
1150 2461 1313 2498 obscure
1343 2467 1563 2510 cognoscet.

121 2528 220 2566 Nam
241 2540 326 2564 cum
347 2526 425 2564 aliis
440 2525 607 2576 plurimis
626 2524 898 2574 rempublicam
913 2522 1199 2560 Atheniensium
1220 2521 1400 2559 admonet
1414 2521 1562 2558 divinus

121 2597 248 2628 orator
268 2588 481 2626 cavendum
502 2599 587 2624 esse
607 2599 628 2623 a
648 2585 830 2636 tyranniS,
854 2584 918 2635 qui
939 2584 1014 2621 sint
1033 2591 1169 2621 natura
1185 2595 1308 2620 rerum
1324 2581 1561 2632 publicarum

118 2649 378 2693 inimicissimi,
404 2656 444 2686 ut
473 2648 550 2698 lupi
571 2647 709 2691 ovium,
730 2654 810 2683 tum
836 2646 893 2682 his
913 2644 1036 2682 verbis
1064 2645 1102 2681 in
1126 2644 1246 2694 prima
1275 2656 1343 2693 pro
1371 2643 1562 2693 Olynthiis

121 2712 314 2750 oratione:
344 2713 402 2748 καὶ
421 2710 517 2752 ὅλως
541 2711 697 2746 ἄπιστον
714 2706 815 2758 οἶμαι
833 2712 913 2749 ταῖς
933 2709 1135 2748 πολιτείαις
1155 2707 1176 2750 τ’]
1192 2706 1360 2755 τυραννὶς
1380 2705 1504 2746 ἄλλως
1523 2720 1561 2741 τε

122 2773 188 2822 κᾷν
208 2773 342 2823 ὅμορον
361 2776 487 2822 χώραν
509 2772 635 2821 ἔχωσι.
654 2770 728 2806 hoc
748 2777 828 2807 est:
860 2775 899 2806 et
919 2767 1070 2805 omnino
1094 2766 1265 2817 tyrannis
1286 2764 1402 2802 infida
1423 2778 1482 2802 res
1502 2773 1561 2803 est

122 2833 341 2884 rebuspubl.
361 2832 570 2883 praesertiin
589 2832 618 2869 si
647 2831 805 2869 vicinam
834 2829 886 2867 illi
915 2829 1109 2879 regionem
1136 2825 1349 2873 habuerint,
1371 2833 1410 2863 et
1436 2826 1476 2865 in
1501 2839 1561 2865 se-
