1824 3171
126 106 190 144 lxii
559 103 889 143 HIERONYMI
919 103 1121 143 WOLFII

125 220 218 257 gore
243 207 378 246 mentis
402 213 516 259 atque
542 208 683 259 ingenii
708 208 756 254 vi,
785 221 860 258 qua
887 206 1058 258 plerique
1088 204 1178 243 olim
1209 211 1248 241 et
1267 204 1490 242 Graecorum
1518 209 1558 240 et

127 268 387 306 Romanorum
408 282 582 319 proceres
600 270 834 312 claruerunt3
857 268 931 317 qui,
961 280 1046 317 quae
1064 266 1276 304 hominibus
1303 264 1481 303 studiosis
1500 270 1558 300 at-

127 341 202 379 que
221 328 353 374 doctis,
373 336 502 367 nostra
525 337 652 374 aetate,
680 330 801 380 gravis
821 336 860 366 et
878 328 1067 365 laboriosa
1084 327 1231 364 videtur
1250 325 1460 376 occupatio,
1482 324 1560 362 sive

125 389 302 426 curandae
323 390 375 427 rei
396 389 599 435 familiaris,
621 390 698 427 sive
727 389 901 427 lectionis
921 390 1035 437 atque
1055 387 1277 437 scriptionis,
1299 399 1383 423 eam
1410 385 1460 422 illi
1480 385 1558 423 ani-

126 462 273 487 morum
293 449 518 487 levationem
533 458 648 500 atque
668 450 960 488 oblectationem
970 448 1201 496 judicarunt.
1257 447 1372 488 Quod
1390 445 1443 483 ita
1459 458 1556 490 esse,

127 509 403 560 Xenophontis,
424 511 674 562 Thucydidis,
704 510 887 560 Lycurgi,
917 509 975 546 Μ.
996 507 1165 546 Terentii
1186 507 1378 551 Varronis,
1401 507 1446 544 C.
1465 506 1558 544 Julii

129 572 302 616 Caesaris,
325 572 534 617 Ciceronis,
564 572 643 609 Silii
665 571 799 615 Italici,
819 570 943 608 Boetii
971 575 1231 612 monumenta,
1253 574 1292 605 et
1311 566 1558 616 complurium

127 632 282 670 aliorum
305 633 490 682 exempla,
511 638 709 670 testantur.
766 631 866 668 Tum
893 630 992 667 enirn
1018 630 1070 666 illi
1098 641 1138 666 se
1165 634 1371 677 occupatos
1400 638 1496 670 esse,
1520 632 1560 663 et

128 694 288 742 negotiis
307 693 519 743 implicatos
547 694 742 743 putabant,
763 706 848 730 cum
876 699 942 728 aut
971 691 1112 728 amicos
1137 697 1176 727 et
1203 690 1361 727 clientes
1384 701 1472 726 suos
1492 688 1560 725 de-

127 753 348 798 fendebant,
369 761 434 791 aut
447 754 610 791 consiliis
631 761 744 803 atque
765 753 875 790 armis
897 751 1185 802 Rempublicam
1206 751 1419 787 tuebantur.
1466 748 1563 786 Mea

129 826 236 859 vero,
256 827 330 850 non
351 828 397 852 co
416 822 576 858 tanturn,
596 814 699 864 quod
726 814 815 850 mihi
834 814 930 850 vires
960 812 1112 863 quidem
1141 811 1309 862 corporis
1335 811 1494 860 exiguae,
1514 822 1561 847 ac

127 887 247 925 prope
274 875 402 919 nulloe,
430 875 620 924 ingenium
640 887 729 911 vero
749 881 865 911 tenue
895 881 1010 922 atque
1037 872 1224 908 infirmum
1243 871 1416 921 contigit,
1445 871 1563 920 longe

129 935 202 972 alia
220 935 315 972 ratio
335 942 415 972 est:
436 935 506 972 sed
525 936 573 971 ob
593 933 687 971 illud
706 934 831 978 etiam,
848 933 951 983 quod
965 933 1049 977 illis,
1066 932 1187 982 patrio
1205 944 1379 969 sermone
1398 931 1564 968 scriben-

128 996 240 1041 tibus,
261 996 299 1032 in
317 996 472 1046 proclivi
492 1002 605 1046 atque
622 995 802 1046 expedita
816 994 969 1031 fuerunt
990 993 1129 1039 omnia,
1150 1007 1235 1031 cum
1255 1006 1337 1038 nos,
1353 991 1567 1043 peregrinis

127 1057 279 1107 linguis,
311 1070 333 1094 e
359 1057 468 1095 mutis
495 1057 804 1107 praeceptoribus,
837 1055 1128 1105 cognoscendis,
1157 1067 1231 1091 non
1260 1066 1415 1105 parvam
1445 1052 1567 1090 aetatis

130 1124 278 1169 partem
294 1130 517 1155 consumere
538 1130 698 1155 neeesse
717 1117 937 1154 habeamus.
992 1116 1127 1165 Itaque
1147 1128 1223 1152 non
1238 1114 1437 1152 recreandi
1453 1113 1567 1151 animi

132 1191 238 1228 ergo,
257 1178 453 1215 levandive
483 1177 586 1214 taedii
616 1190 743 1222 causa,
764 1190 823 1213 me
845 1176 1065 1226 scriptitare,
1085 1175 1153 1213 sed
1178 1175 1267 1226 quia
1286 1175 1415 1213 facere
1444 1174 1566 1218 aliter,

131 1239 234 1276 salva
253 1239 599 1289 (quantulacunque
617 1238 681 1274 illa
700 1241 773 1284 est)
792 1236 1067 1274 existimatione
1093 1249 1191 1281 mea,
1219 1249 1382 1286 nequeo,
1408 1242 1446 1273 et
1472 1246 1567 1284 quas

131 1300 301 1337 sustineo
328 1312 526 1343 aerumnas,
548 1311 645 1349 pene
666 1298 881 1336 Herculeas
900 1297 1017 1335 videri
1043 1297 1145 1343 mihi,
1169 1309 1312 1347 speque
1342 1309 1428 1334 mea
1449 1295 1566 1346 pluri-

132 1374 236 1398 mum
256 1373 317 1398 me
338 1361 543 1411 deceptum
563 1373 658 1404 esse,
679 1359 845 1409 ingenue
869 1359 1066 1396 confiteor.
1121 1358 1223 1395 Nam
1251 1370 1336 1394 cum
1364 1357 1470 1394 annis
1499 1357 1569 1395 ab·

132 1421 222 1459 hinc
241 1428 401 1471 quatuor
430 1428 468 1458 et
486 1420 629 1470 viginti,
650 1433 726 1457 non
753 1427 830 1456 tam
860 1432 944 1456 mea
962 1419 1147 1464 voluntas,
1168 1431 1280 1469 quam
1307 1418 1570 1468 inexspectata

133 1482 306 1532 quaedam
337 1482 542 1526 calamitas,
573 1489 612 1518 et
631 1494 754 1518 rerum
774 1480 973 1518 meliorum
993 1493 1092 1531 spes,
1112 1480 1150 1517 in
1175 1479 1493 1530 typographicum
1513 1477 1571 1529 pi-

131 1544 290 1583 strinum
311 1557 370 1581 mc
392 1542 634 1592 conjecisset,
652 1542 756 1592 parvi
782 1541 963 1592 temporis
991 1541 1166 1578 molestia
1190 1547 1415 1591 perpetuam
1435 1539 1570 1577 studiis

131 1607 226 1645 meis
244 1619 375 1645 secure
401 1603 621 1655 perfruendi
640 1603 863 1640 facultatem
893 1615 953 1639 me
973 1602 1233 1639 redemturum
1253 1600 1446 1651 opinabar.
1493 1599 1572 1637 Ve-

135 1680 218 1704 rum
247 1673 387 1718 quanto
417 1665 523 1703 aliter
554 1664 736 1709 evenerit,
767 1677 879 1701 nemo
908 1663 1070 1713 ignorat,
1102 1662 1166 1713 qui
1202 1669 1267 1699 aut
1295 1661 1567 1699 bibliothecam

135 1736 298 1766 vestram
318 1726 480 1778 inspicit,
504 1739 580 1776 qua
608 1738 711 1763 meas
739 1724 1019 1762 lucubrationes
1049 1723 1195 1774 dignati
1224 1723 1325 1767 estis,
1347 1729 1412 1760 aut
1437 1722 1572 1760 biblio-

134 1788 237 1838 polia
257 1795 455 1825 scrutatur.
496 1787 634 1837 Neque
654 1799 744 1823 vero
763 1786 847 1822 haec
866 1785 1051 1835 gloriandi
1071 1797 1187 1822 causa
1206 1784 1342 1829 scribo,
1365 1785 1458 1833 (quo
1477 1782 1571 1834 quid

133 1849 297 1900 ineptius
312 1849 346 1896 ?)
365 1856 429 1886 aut
448 1848 687 1898 ignoratione
707 1846 899 1884 tenuitatis
919 1859 1027 1891 meae,
1047 1845 1166 1896 (quod
1187 1845 1285 1882 enim
1315 1844 1465 1882 difficile
1485 1858 1572 1882 esse

134 1918 302 1961 putatur,
323 1922 433 1947 nosse
453 1922 551 1953 sese,
580 1915 774 1958 utcunque
793 1907 931 1945 didici:
962 1906 1087 1944 studui
1116 1913 1221 1944 certe
1242 1906 1413 1957 quidem)
1431 1906 1500 1943 sed
1528 1912 1571 1943 ut

135 1973 322 2009 fortunam
344 1984 467 2008 meam
487 1982 648 2015 narrem,
671 1982 755 2019 quae
774 1981 842 2019 per
861 1968 1023 2013 labores,
1044 1980 1120 2004 non
1149 1974 1225 2004 tam
1247 1966 1436 2014 jucundos
1456 1973 1495 2002 et
1514 1965 1574 2002 lu-

136 2047 279 2078 crosos,
301 2046 414 2083 quam
433 2031 665 2069 necessarios
685 2038 724 2068 et
742 2029 992 2074 inevitabiles,
1012 2029 1062 2066 ad
1080 2028 1120 2065 id
1144 2027 1268 2065 aetatis
1291 2034 1330 2064 et
1347 2026 1574 2065 valetudinis

136 2108 211 2139 me,
238 2094 330 2130 nihil
357 2094 431 2130 tale
451 2092 700 2142 cogitantem,
725 2090 908 2141 provexit,
929 2097 984 2135 ut,
1005 2102 1088 2127 eum
1117 2089 1284 2126 maxime
1304 2087 1573 2138 philosophan-

137 2156 227 2192 dum
246 2161 356 2198 esset,
375 2153 631 2204 philosophari
644 2164 779 2202 parum
796 2151 922 2195 liceat,
943 2158 1009 2188 aut
1025 2150 1138 2187 etiam
1157 2150 1285 2186 libeat.
1324 2149 1462 2198 Neque
1481 2161 1572 2186 vero

137 2229 211 2266 ego
230 2216 331 2252 solus
352 2215 382 2251 is
401 2228 496 2258 sum,
513 2226 624 2264 quem
644 2214 755 2250 bonae
775 2225 851 2248 suae
869 2210 1031 2247 rationes
1051 2209 1280 2247 fefellerint:
1312 2209 1381 2246 sed
1399 2209 1478 2247 sive
1496 2209 1574 2247 sru-

136 2277 276 2321 stratio,
298 2276 374 2312 sive
394 2274 587 2313 calamitas
602 2274 699 2315 haec,
715 2285 799 2309 cum
819 2271 945 2308 multis
964 2270 1053 2307 mihi
1070 2277 1125 2308 est
1147 2270 1370 2315 communis,
1385 2283 1446 2308 me
1458 2270 1576 2321 longe

138 2338 443 2389 sapientioribus.
498 2335 784 2374 Demosthenes
815 2332 1045 2370 Paeaniensis
1077 2335 1196 2381 (Cujus
1230 2332 1460 2383 eloquentia,
1488 2345 1574 2382 quae

136 2400 217 2438 sine
236 2398 413 2448 singulari
433 2396 633 2447 prudentia
653 2402 692 2432 et
717 2394 857 2432 eximia
876 2393 1013 2431 virtute
1041 2406 1149 2430 suum
1173 2393 1269 2430 tueri
1292 2406 1431 2430 nomen
1451 2393 1574 2431 haud-

140 2473 329 2512 quaquam
349 2465 488 2509 potest,
509 2456 696 2507 quondam
716 2468 784 2504 per
804 2455 991 2505 Europam
1012 2461 1050 2492 et
1070 2454 1202 2491 Asiam
1220 2454 1413 2491 celebrata
1431 2454 1514 2499 fuit,
1535 2461 1576 2492 et

142 2535 242 2559 nunc
276 2520 389 2557 etiam
424 2518 597 2555 omnibus
628 2516 793 2553 omnium
820 2515 1012 2552 nationum
1047 2515 1202 2552 eruditis
1235 2514 1470 2551 admirationi
1501 2514 1574 2559 est)

142 2584 229 2621 dum
249 2596 337 2620 suos
356 2580 625 2623 Athenienses,
645 2578 795 2628 ignavia
810 2584 848 2614 et
865 2578 957 2614 luxu
978 2584 1191 2621 enervatos,
1204 2575 1250 2612 ad
1270 2576 1575 2625 recuperandum

143 2644 303 2682 Graecioe
318 2641 583 2694 principatum,
605 2652 717 2689 quem
736 2638 785 2675 ad
804 2650 922 2675 annos
939 2649 1019 2674 Lxx
1040 2643 1256 2681 tenuerant,
1278 2636 1438 2686 primum
1467 2636 1576 2674 clade

146 2703 462 2755 Hellespontiaca
490 2714 565 2738 una
593 2712 677 2736 cum
695 2699 870 2736 libertate
889 2698 1078 2741 amissum,
1107 2696 1244 2734 deinde
1274 2696 1441 2733 Cononis
1466 2696 1576 2733 indu-

143 2768 235 2805 stria
255 2771 462 2814 receptum,
491 2775 562 2799 nec
593 2760 711 2797 multo
732 2767 817 2809 post
838 2772 856 2795 a
880 2758 1052 2808 Philippo
1073 2756 1291 2794 Macedone
1309 2755 1443 2794 callide
1463 2756 1599 2802 inter-K

145 2836 310 2878 ceptum,
331 2825 493 2863 excitare
523 2822 664 2867 studet,
693 2821 787 2858 inter
820 2820 892 2858 alia
916 2820 989 2859 hoc
1011 2831 1161 2870 quoquc
1191 2824 1413 2868 argumento
1435 2818 1576 2859 utitur:
