1824 3171
466 166 541 206 AD
573 165 734 206 SUUM
762 164 1059 204 DEMOSTH.
1091 163 1372 226 PRAEFATT.
1560 169 1667 208 lxxiii

197 278 236 309 et
250 270 525 316 humanissimi,
540 270 680 309 veteris
700 269 813 308 amici
832 268 920 315 mei,
935 267 1085 306 aedibus
1105 280 1182 306 una
1199 267 1488 319 pranderemuS,
1510 277 1549 307 et
1569 283 1661 308 con-

199 340 356 384 spectus
376 339 461 370 tuus
489 332 534 370 iis
555 333 604 371 de
624 332 759 378 causis,
782 344 876 383 quas
897 330 1068 382 exposui,
1085 330 1357 380 perJucunduS‚
1375 337 1414 367 et
1433 330 1551 368 multo
1572 345 1658 382 gra-

192 394 268 431 tior
293 393 453 431 comitas
481 394 678 439 orationis,
706 407 784 445 qua
802 407 863 431 me
884 393 983 430 ultro
1010 392 1059 430 ad
1085 391 1343 430 renovandam
1372 405 1499 430 rerum
1528 400 1658 443 pater-

191 468 325 493 narum
354 456 558 495 amicitiam
586 456 875 508 perhumaniter
904 454 1104 493 invitabas.
1163 454 1237 492 Cui
1258 453 1328 492 etsi
1349 466 1423 504 ego
1443 466 1568 491 meam
1597 462 1654 492 te-

186 517 375 554 nuitatem
395 531 480 556 esse
499 519 698 570 imparem,
718 518 834 556 facile
858 517 984 562 video,
1006 523 1137 555 tamen
1158 516 1196 554 αἶ
1217 516 1301 554 καθ’
1320 517 1508 570 ὑπεροχὴν
1529 519 1650 567 φιλίαι

189 578 244 616 sic
273 579 402 617 locum
421 580 566 618 habere
592 587 761 631 possunt,
791 579 821 617 si
854 592 941 617 cum
968 578 1012 616 iis
1041 578 1157 616 etiam
1177 577 1468 629 φιλανθρωπίας
1489 578 1653 629 ὑπεροχὴ

190 642 458 691 conjungatur,
482 655 569 693 quae
589 642 629 679 in
649 642 738 679 Deo
753 641 845 693 Opt.
860 641 975 679 Max.
991 648 1100 679 tanta
1119 648 1178 678 est
1198 647 1236 677 et
1256 647 1335 678 tam
1355 638 1589 685 admiranda,
1610 646 1653 676 ut

187 706 268 751 eJus
287 703 524 753 cogitatione
544 716 652 741 mens
679 704 849 740 humana
869 710 981 740 extra
1001 715 1087 740 sese
1107 701 1395 752 quodammodo
1414 707 1526 752 rapta
1543 699 1652 751 peni-

188 770 250 801 tus
270 765 533 815 obstupescat,
550 771 590 802 et
604 764 670 802 illa
690 765 832 816 abysso
848 764 986 801 divinae
1005 763 1190 800 bonitatis
1210 763 1474 800 absorbeatur.
1523 763 1651 804 Quam

187 838 262 876 ego
284 825 373 863 olim
395 826 655 872 considerans,
679 840 767 864 eum
788 824 922 863 nescio
943 823 1035 874 quid
1056 823 1104 860 de
1123 836 1257 861 mense
1278 823 1491 862 Decembri
1511 823 1651 862 scribe-

186 901 282 936 rem,
301 888 339 925 in
354 888 430 926 hoc
450 887 639 926 distichon
659 888 790 938 erupi:

360 959 489 995 Omnia
508 959 602 1007 quod
619 963 767 1006 superat
786 957 976 1005 miracula,
998 956 1228 995 CHRISTUS
1251 956 1374 995 Iasus

464 1020 554 1056 Tam
572 1018 686 1056 voluit
706 1018 817 1065 nasci,
839 1031 916 1055 cum
936 1017 1059 1056 DEUS
1081 1023 1187 1064 esset,
1212 1018 1361 1056 Hono.

237 1097 347 1136 Facit
366 1097 483 1148 igitur
499 1099 520 1142 ἡ
540 1107 604 1142 τῆς
625 1095 908 1148 φιλανθρωπίας
928 1112 993 1132 σου
1014 1097 1189 1147 ὑπεροχή,
1208 1103 1251 1132 ut
1270 1098 1338 1142 τήν
1359 1097 1436 1133 καθ’
1456 1098 1647 1148 ὑπεροχήν

183 1160 312 1212 φιλίαν
334 1175 411 1204 σου,
438 1170 516 1195 non
547 1157 686 1202 fraudi,
719 1157 789 1194 sed
822 1156 927 1193 laudi
961 1156 1050 1193 mihi
1081 1157 1164 1194 fore
1195 1169 1375 1206 sperem:
1406 1156 1648 1206 vicissimque

182 1220 345 1258 eandem
366 1218 648 1257 observantiam
664 1225 743 1256 tuae
763 1231 915 1270 quoque
931 1217 1163 1269 praestantiae
1183 1218 1384 1269 polliceor,
1401 1230 1478 1269 qua
1496 1224 1647 1268 patrem

179 1289 289 1320 tuum
320 1283 367 1320 ab
396 1281 551 1319 ineunte
580 1287 695 1318 aetate
723 1293 843 1331 usque
875 1281 923 1318 ab
955 1280 1103 1318 obitum
1135 1293 1218 1318 sum
1246 1285 1489 1331 prosecutus.
1545 1278 1647 1316 Nam

179 1357 267 1382 cum
284 1343 334 1382 illi
356 1356 452 1395 puer
473 1343 683 1381 etiamnum
702 1355 725 1380 a
746 1342 915 1380 Sebaldo
937 1341 1121 1380 Heideno
1141 1348 1384 1393 praeceptore
1407 1354 1495 1379 meo
1515 1353 1646 1379 aman-

176 1406 336 1452 tissimo,
363 1406 493 1444 nescio
527 1419 603 1456 quo
632 1405 772 1456 ingenii
807 1411 846 1442 et
878 1403 992 1442 studii
1022 1404 1225 1454 cujusdam
1258 1403 1460 1454 singularis
1492 1402 1645 1441 nomine

179 1470 472 1508 commendatus
501 1469 673 1514 fuissem,
703 1474 741 1505 et
773 1475 854 1506 tum
886 1468 987 1505 bene
1019 1467 1068 1504 de
1097 1479 1159 1504 me
1193 1466 1334 1505 sentire
1370 1465 1498 1517 coepit,
1530 1470 1569 1503 et
1594 1464 1644 1502 de

178 1532 324 1577 adulto,
347 1531 437 1569 dum
458 1531 605 1582 reipub.
621 1537 760 1568 vestrae
778 1529 1015 1575 inservirem,
1036 1541 1206 1580 praesens
1227 1535 1266 1566 et
1286 1528 1426 1566 absens
1446 1528 1548 1565 bene
1566 1539 1647 1564 me-

176 1595 250 1633 reri
276 1608 354 1632 non
374 1593 532 1631 destitit.
589 1593 725 1643 Itaque
745 1600 788 1630 ut
807 1592 998 1630 viventem
1024 1591 1232 1636 colueram,
1254 1590 1307 1628 ita
1333 1589 1450 1627 etiam
1470 1587 1645 1626 defuncti

176 1650 401 1694 memoriam
416 1654 611 1693 versiculis
632 1667 707 1692 non
726 1660 804 1692 tam
818 1653 942 1697 bonis,
962 1666 1078 1704 quam
1092 1653 1197 1690 bono
1217 1652 1344 1689 animo
1360 1650 1524 1702 scriptis,
1541 1651 1646 1702 (nam

177 1730 240 1755 me
269 1723 454 1768 perpetuo
486 1729 574 1754 cum
608 1715 749 1754 morbis
779 1714 1024 1764 molestisque
1059 1713 1252 1752 laboribus
1287 1713 1576 1751 conflictantem
1605 1718 1646 1749 et

177 1779 317 1830 Apollo
347 1785 387 1815 et
403 1778 530 1815 Musae
562 1790 696 1816 omnes
716 1777 988 1824 destituerunt)
1007 1782 1045 1813 te
1067 1775 1281 1826 praesertim
1308 1775 1520 1821 hortatore,
1542 1774 1645 1812 cele-

174 1841 364 1887 brandum
394 1853 480 1878 esse
507 1839 622 1878 duxi:
652 1853 749 1891 quos
778 1838 866 1876 ideo
883 1838 933 1876 ad
954 1846 993 1876 te
1013 1838 1136 1883 mitto,
1158 1845 1201 1875 ut
1219 1837 1259 1874 in
1279 1837 1418 1875 eodem
1442 1835 1644 1888 opusculo,

175 1916 254 1940 non
283 1915 423 1953 magno
444 1902 508 1939 illo
530 1901 697 1953 quidem,
731 1901 802 1939 sed
829 1914 970 1951 magno
1000 1900 1125 1938 autori
1152 1899 1406 1950 intelligendo
1436 1899 1643 1944 serviente,

175 1977 290 2015 quem
318 1971 357 2001 et
385 1970 494 2014 pater
525 1970 564 2001 et
593 1963 693 2000 filius
724 1962 1013 2013 magnifaciunt,
1043 1961 1186 1999 mentio
1218 1961 1430 2011 utriusque,
1459 1960 1491 1998 si
1519 1959 1645 1997 minus

177 2025 402 2070 honorifica,
424 2032 463 2062 at
483 2026 530 2062 ab
550 2025 676 2063 animo
693 2031 804 2074 grato
826 2031 865 2061 et
890 2022 1051 2061 memori
1076 2022 1265 2073 profecta,
1292 2028 1477 2059 exstaret.
1533 2020 1645 2059 Vale.

179 2088 370 2139 Augustae
384 2086 538 2125 Viudel.
568 2085 750 2125 Calendis
771 2083 1016 2123 Decembris.
1074 2085 1194 2121 Anno
1215 2095 1263 2120 M.
1278 2095 1320 2120 D.
1341 2094 1462 2119 LXIX.

460 2226 972 2277 HIERONYMUS
1010 2223 1350 2274 WOLFIUS

668 2308 824 2349 Eusebio
852 2311 1043 2361 Episcopio
1070 2323 1133 2346 suo

891 2396 924 2421 s.

227 2460 410 2501 QUAN‘rt
439 2455 720 2506 manuscriptos
748 2453 902 2492 codices
929 2453 1099 2505 plerique
1127 2451 1272 2490 faciant
1301 2451 1420 2503 (quod
1454 2464 1526 2489 nec
1555 2450 1638 2502 ipse

172 2519 397 2563 contemno)
420 2532 507 2557 cum
534 2531 611 2556 non
630 2518 864 2568 ignorarem,
885 2515 988 2553 dolui
1009 2528 1113 2561 sane,
1132 2516 1372 2565 Augustanae
1394 2513 1640 2564 Reipublicae

172 2581 471 2621 vetustissimum
498 2579 773 2617 Demosthenis
803 2577 1015 2628 exemplar,
1039 2590 1126 2614 cum
1148 2577 1196 2614 ob
1217 2575 1401 2627 temporis
1429 2574 1638 2625 angustias,

171 2651 251 2681 tum
271 2649 428 2694 propter
456 2641 619 2679 minutas
647 2648 686 2680 et
713 2640 886 2679 exoletas
914 2639 1057 2684 literas,
1077 2651 1100 2676 a
1127 2651 1200 2684 me,
1223 2651 1296 2675 nec
1315 2637 1444 2675 vitreis
1464 2636 1544 2674 istis
1564 2635 1639 2673 La-

172 2705 329 2742 miarum
351 2704 473 2742 oculis
490 2703 681 2747 adhibitis,
703 2702 871 2753 potuisse
891 2700 1052 2752 perspici
1074 2707 1114 2738 et
1129 2713 1217 2738 cum
1244 2699 1436 2750 impressis
1458 2697 1638 2735 conferri.

176 2765 256 2803 Sed
270 2779 355 2802 cum
375 2765 467 2803 mihi
487 2764 700 2801 Luteciana
719 2763 838 2800 editio
859 2763 908 2800 de
935 2761 1126 2799 sententia
1147 2762 1198 2798 D.
1218 2760 1414 2798 Theodori
1431 2757 1636 2808 Zwingeri,

175 2830 282 2875 cujus
300 2826 445 2874 ⁸iudicio
471 2826 676 2877 plurimum
710 2825 848 2871 tribuo,
878 2831 917 2862 et
938 2830 1016 2869 tua,
1037 2823 1087 2860 mi
1105 2822 1303 2874 Episcopi,
1324 2823 1433 2872 cujus
1448 2819 1636 2858 voluntati

173 2887 213 2924 in
233 2900 273 2924 re
293 2888 452 2925 honesta
478 2901 623 2925 morem
644 2900 780 2937 gerere
803 2894 840 2924 et
861 2886 988 2924 debeo
1009 2893 1049 2923 et
1070 2885 1195 2936 cupio,
1217 2883 1466 2935 perlegenda,
1487 2894 1638 2932 gracco-

173 2948 279 2987 latini
293 2949 568 2988 Demosthenis
586 2949 869 3001 impressionem
883 2954 1144 2999 prorogasset,
1160 2947 1221 2997 egi
1239 2959 1326 2984 cum
1342 2943 1498 2995 egregie
1520 2942 1635 2980 docto

231 3022 328 3047 vor..
362 3023 388 3046 1.
927 3011 947 3045 Α·
1467 3013 1470 3015 ’
