1824 3171
107 99 221 138 xxviii
554 97 799 135 LAMBINI
831 98 1133 136 PRAEFATIO

108 199 262 238 tractari
299 207 340 238 et
376 206 624 238 retractatum
662 199 712 237 ad
746 199 860 237 finem
890 197 1070 250 perduci?
1125 197 1268 234 Verum
1305 203 1432 233 tamen
1463 192 1552 229 vicit

109 261 276 299 omniurn
306 260 524 312 opinionem
544 261 601 298 Io.
622 261 810 298 Benenati
830 267 989 297 conatus
1016 258 1332 296 laudabilissimus
1351 263 1465 306 atque
1485 253 1553 290 ho*

109 321 357 366 nestissimus,
384 321 643 371 industriaque
662 321 875 371 singularis,
897 319 974 370 qui,
1006 318 1178 356 omnibus
1199 319 1278 367 jam
1304 316 1493 367 sperando
1514 321 1553 351 et

110 383 369 433 exspectando
389 382 559 427 defessis,
572 381 845 419 Demosthenis
870 380 1076 418 editionem
1096 386 1152 415 tot
1165 391 1284 416 annos
1303 377 1550 414 intermissam

109 451 149 482 et
167 444 331 495 repetiit,
352 452 391 482 et
410 443 624 494 repetitam,
652 443 722 480 diis
750 442 1043 491 hominibusque
1070 440 1380 491 approbantibus,
1402 438 1551 475 absolu-

110 512 188 543 tam
215 512 253 543 et
273 505 482 543 confectam
503 504 680 542 reddidit.
738 503 896 548 Verum,
920 509 961 539 ut
979 502 1182 551 intelligas,
1200 501 1332 544 lector,
1351 499 1441 549 quid
1456 499 1553 536 inter

111 566 211 603 hanc
235 566 439 604 editionem
461 571 498 603 et
517 572 672 602 caeteras
695 563 906 614 superiores
922 563 1077 605 intersit,
1093 569 1158 599 aut
1178 560 1269 611 quid
1294 560 1344 597 ad
1370 560 1469 596 hanc
1490 571 1552 596 ac·-

115 626 284 671 cesserit‚
317 626 420 677 quod
449 626 495 663 ab
525 625 605 662 aliis
636 623 756 661 absit:
787 624 859 660 hoc
891 631 1011 660 totum
1039 623 1107 659 tibi
1148 621 1311 658 breviter
1353 632 1553 670 exponam,

113 687 326 725 Gulielmus
340 686 528 725 Morelius
542 685 648 722 annis
664 685 805 735 aliquot
819 691 922 729 ante,
936 697 1047 734 quam
1062 681 1333 719 Demosthenis
1350 681 1556 719 editionem

113 747 338 798 susciperet,
359 747 434 785 duo
460 747 647 797 exempla,
668 759 785 783 unum
806 744 997 790 Aldinum,
1018 744 1202 787 Venetiis,
1216 742 1376 780 alterum
1397 742 1557 779 Germa-

114 808 257 854 nicum‚
286 808 447 846 Basileae
476 809 709 858 impressum,
731 820 818 845 cum
839 813 929 844 octo
947 805 1105 843 vetustis
1125 804 1320 842 codicibus
1339 816 1453 841 manu
1472 801 1562 839 scri·

115 869 200 919 ptis,
224 882 269 906 ex
294 869 528 906 bibliotheca
551 869 656 917 regia
682 867 903 918 depromtis,
925 866 1210 916 diligentissime
1230 865 1456 908 contulerat,
1477 876 1557 900 om-

114 942 258 979 nesque
278 930 473 980 scripturae
492 929 706 973 varietates,
727 941 773 966 ac
789 927 1124 972 dissimilitudines,
1142 926 1256 964 etiam
1274 938 1338 963 eas
1353 924 1557 968 interdum,

115 1004 200 1040 quae
219 990 338 1028 videri
357 990 502 1041 possint
522 991 644 1028 minus
659 990 891 1041 probabiles,
910 997 949 1027 et
962 989 1026 1026 vix
1045 989 1278 1033 tolerabiles,
1301 988 1350 1025 ad
1369 1000 1474 1025 oram
1494 999 1560 1024 ex-

116 1051 230 1102 empli
259 1052 478 1090 Germanici
515 1052 783 1102 adscripserat.
859 1051 1054 1088 Praeterea
1083 1050 1228 1087 scholia
1256 1050 1292 1085 in
1325 1048 1559 1099 marginibus

114 1112 296 1150 librorum
325 1113 473 1150 illorum
506 1113 697 1163 regiorum
727 1113 881 1163 scripta,
912 1125 997 1162 quae
1027 1113 1065 1148 in
1094 1111 1247 1161 Ulpiani
1280 1108 1560 1148 commentariis

114 1187 235 1224 usque
255 1174 381 1212 adhuc
398 1175 587 1225 impressis
606 1188 682 1212 non
703 1175 954 1225 reperiuntur,
977 1181 1017 1212 et
1036 1173 1243 1218 utilissima,
1260 1180 1299 1210 et
1318 1172 1488 1223 plurima,
1509 1171 1561 1208 ita

118 1241 160 1271 ut
189 1243 361 1285 quartam
396 1244 545 1286 partem
584 1236 739 1286 Ulpiani
780 1235 1137 1273 commentariorum
1170 1234 1284 1271 hodie
1330 1233 1562 1271 exstantium

121 1297 381 1345 magnitudine
415 1304 454 1334 et
481 1297 729 1347 amplitudine
750 1304 955 1347 exaequent
977 1311 986 1334 2
1020 1297 1118 1339 haec,
1138 1309 1223 1346 quae
1244 1295 1342 1339 dico,
1364 1295 1507 1333 scholia
1525 1295 1563 1330 in

119 1370 223 1394 oram
241 1357 340 1396 illius
361 1359 528 1409 exempli
547 1359 864 1409 transscripserat.
920 1359 994 1396 His
1013 1366 1052 1396 et
1067 1359 1148 1395 aliis
1163 1358 1410 1395 facultatibus
1432 1370 1563 1395 neces-

121 1418 227 1455 sariis
245 1418 450 1456 instructus
470 1420 657 1457 Morelius
684 1420 790 1470 operi
810 1427 886 1457 tam
916 1419 1100 1470 praeclaro
1130 1431 1262 1455 manus
1288 1418 1466 1455 admovit.
1524 1417 1563 1454 Si

121 1479 212 1516 nihil
228 1479 342 1525 aliud,
359 1493 471 1530 quam
490 1494 571 1517 rem
590 1487 747 1526 tantam,
768 1480 984 1531 auspicatus
1005 1488 1120 1531 atque
1141 1493 1300 1517 exorsus
1320 1487 1433 1525 esset,
1453 1477 1565 1529 atque

120 1539 160 1576 in
179 1540 260 1590 ipso
285 1541 408 1591 operis
427 1541 553 1578 limine
574 1554 619 1579 ac
633 1542 822 1579 vestibulo
842 1542 901 1579 vel
922 1542 975 1579 rei
997 1541 1194 1579 difficultas
1223 1554 1300 1578 non
1330 1540 1419 1578 satis
1452 1547 1566 1577 antea

123 1602 332 1652 explorata,
346 1602 406 1638 vel
423 1615 532 1640 casus
553 1602 687 1652 aliquis
707 1602 928 1652 improvisus
949 1610 1063 1654 atque
1082 1602 1296 1653 inopinatus
1313 1603 1369 1652 (ut
1389 1610 1476 1638 sunt
1496 1602 1566 1638 hu-

119 1662 252 1711 mana)
273 1675 362 1699 eum
389 1676 471 1700 rem
501 1670 676 1713 coeptam,
704 1663 917 1701 inchoatam
947 1664 1163 1714 relinquere
1191 1663 1407 1712 coegisset:
1442 1669 1569 1699 tamen

124 1736 226 1768 cum,
247 1724 459 1774 sapientum
477 1724 643 1761 virorum
663 1724 863 1770 sententia,
893 1725 1118 1775 principium
1144 1725 1261 1762 totius
1291 1724 1338 1761 sit
1359 1724 1566 1767 dimidium,

126 1783 218 1820 etin
238 1784 339 1821 omni
359 1798 400 1822 re
421 1785 583 1824 honesta
598 1786 700 1823 solus
720 1793 889 1830 conatus,
912 1786 1022 1824 etiam
1042 1786 1072 1823 si
1089 1799 1174 1823 eum
1194 1799 1270 1823 non
1289 1785 1474 1836 perficias,
1490 1785 1570 1822 lau-

127 1846 209 1883 dari
227 1847 372 1884 soleat:
402 1860 580 1897 magnum
595 1847 775 1898 quiddam
794 1848 961 1893 fecisset,
978 1848 1208 1898 laudemque
1226 1848 1384 1885 fortasse
1405 1847 1569 1897 aliquam

127 1907 338 1959 meruisset·
393 1908 507 1946 Nunc
526 1915 653 1946 autem
674 1922 760 1947 cum
787 1922 921 1960 reapse
942 1909 1161 1953 declaravit,
1183 1922 1223 1946 se
1244 1922 1320 1946 non
1340 1909 1491 1946 inanem
1511 1920 1573 1945 co‘.

125 1975 269 2013 natum,
287 1982 414 2019 neque
442 1970 687 2020 praecipitem,
707 1977 774 2007 aut
804 1970 946 2008 irritum
977 1971 1160 2021 impetum
1191 1971 1239 2007 ad
1266 1970 1461 2019 negotium
1491 1983 1572 2007 sus-

127 2036 283 2080 ceptum
301 2030 495 2068 attulisse:
527 2031 646 2083 (quod
664 2031 793 2068 facere
812 2039 1102 2076 consueverunt,
1118 2031 1195 2081 qui,
1222 2044 1297 2068 non
1323 2031 1493 2068 adhibito
1522 2031 1571 2068 ad

126 2103 222 2135 rem,
244 2103 356 2140 quam
375 2090 591 2138 instituunt,
622 2092 793 2137 consilio,
813 2105 937 2142 neque
956 2092 1010 2129 rei
1030 2092 1291 2142 magnitudine
1312 2092 1512 2142 diligenter
1532 2098 1571 2128 et

128 2157 275 2189 attente
318 2151 568 2197 considerata,
603 2154 653 2190 ad
685 2153 829 2203 aliquid
870 2166 1049 2202 magnum
1087 2152 1391 2203 aggrediuntur,)
1424 2165 1572 2190 summa

126 2212 242 2250 laude
263 2212 505 2262 dignissimus
537 2220 617 2250 est:
647 2213 710 2263 qui
738 2213 916 2263 quamdiu
945 2213 1163 2264 reipublicae
1191 2220 1365 2264 tempora
1392 2214 1573 2262 tulerunt,

127 2281 234 2311 tanto
253 2274 378 2312 studio
398 2274 434 2310 in
453 2274 506 2317 id,
525 2275 629 2325 quod
648 2275 767 2312 semel
787 2275 1026 2312 considerate
1047 2283 1278 2325 susceperat,
1295 2275 1471 2313 incubuit
1490 2283 1574 2312 tan·

125 2341 241 2386 taque
260 2334 372 2372 animi
392 2334 586 2373 alacritate
606 2335 644 2372 in
663 2348 709 2372 eo
724 2335 994 2386 perseveravit,
1011 2343 1052 2373 ut
1072 2336 1344 2373 Demosthenis
1364 2336 1573 2374 editionem

124 2410 247 2447 usque
276 2396 327 2434 ad
354 2396 563 2434 orationem
594 2397 643 2434 de
668 2397 765 2434 male
795 2397 899 2435 obita
918 2398 1109 2447 legatione
1130 2398 1380 2448 perduxerit:
1411 2398 1483 2435 lioc
1512 2402 1572 2435 est

131 2458 260 2508 paullo
288 2457 426 2504 minus,
458 2471 571 2509 quam
604 2459 720 2496 totius
758 2459 883 2509 operis
913 2458 1121 2504 dimidium,
1150 2459 1331 2509 attigerit.
1401 2460 1496 2497 Cum
1525 2459 1575 2497 ad

130 2531 213 2555 eam
247 2518 470 2556 orationem.
494 2519 731 2570 pervenisset
762 2532 874 2565 anno,
906 2520 1056 2570 opinor,
1091 2521 1176 2559 clo.
1211 2522 1269 2557 cl.
1302 2520 1388 2558 LX.
1423 2533 1573 2571 magnae

129 2580 249 2617 turbae
270 2579 306 2615 in
327 2579 456 2617 Gallia
484 2587 640 2626 coortae,
669 2588 920 2631 temporaque
948 2581 1169 2631 reipublicae
1190 2581 1411 2619 calamitosa
1440 2586 1574 2619 consess

130 2646 230 2685 outa,
250 2639 391 2676 bellum
412 2639 677 2687 domesticum,
704 2641 929 2691 pestilentia,
952 2642 1062 2690 hujus
1092 2642 1233 2679 scholae
1253 2642 1439 2679 universae
1459 2642 1572 2680 infre·

129 2701 282 2751 quentia
310 2707 349 2737 et
378 2701 556 2746 solitudo,
585 2708 624 2738 et
650 2715 759 2752 poene
788 2703 912 2740 dicam
943 2703 1120 2740 vastitas:
1150 2703 1233 2740 haec
1254 2710 1293 2741 et
1311 2703 1444 2740 similia
1463 2704 1575 2748 mala,

131 2775 228 2812 opus
259 2774 397 2811 magno
417 2762 543 2799 animo
571 2762 794 2813 incoeptum,
827 2770 866 2800 et
893 2762 940 2800 ad
961 2763 999 2800 id
1018 2763 1092 2801 loci
1114 2764 1355 2814 perductum,
1379 2764 1577 2801 interrum-

129 2835 221 2872 pere
245 2830 465 2872 coegerunt.
524 2823 611 2860 Non
634 2824 751 2861 inulto
772 2832 856 2874 post
877 2824 952 2869 ille,
980 2825 1112 2862 moi-bo
1134 2825 1268 2874 partim
1288 2838 1337 2863 ex
1358 2825 1493 2875 vigiliis
1513 2825 1569 2863 in-
