1824 3171
123 103 200 141 xcii
433 101 508 141 10.
539 101 787 139 TAYLORI
820 98 1260 139 PROLEGOMENA

127 205 291 243 selectas
325 204 515 243 orationes
546 203 756 255 [continet]
785 210 828 240 ut
853 203 1141 247 Demosthenis,
1176 198 1370 243 Aristidis,
1403 195 1580 242 Himerii,

131 266 351 317 Hyperidis,
373 266 548 304 Libanii:
579 266 641 303 cui
670 265 830 313 adJectae
859 273 947 302 sunt
968 263 1187 302 Philostrati
1208 263 1295 298 vitae
1319 259 1583 309 Sophistarum

129 335 169 366 et
192 328 360 365 Platonis
382 328 558 378 Gorgias.
615 327 778 364 Videtur
807 334 937 364 autem
964 326 1025 362 hic
1053 325 1178 362 codex
1206 323 1322 360 fuisse
1353 321 1440 358 olim
1470 319 1582 355 Nice-

125 390 234 438 phorz'
267 389 454 439 Gregoroe‚
476 395 517 425 ut
548 388 718 425 ostendit
747 391 826 435 ejus
854 386 1146 436 chirographum
1177 385 1215 420 in
1245 383 1426 420 interiore
1457 379 1590 417 tabula

129 450 219 487 hinc
242 450 328 487 inde
349 450 547 499 scripturn.
605 450 693 490 Quo
714 448 828 485 etiam
855 448 1009 485 nomine
1039 458 1249 497 permagno
1279 457 1302 482 a
1329 456 1388 480 me
1418 442 1583 479 aestima·

130 511 227 548 tur.''
286 511 487 548 Hactenus
517 510 591 547 ille.
650 509 786 546 Codex
817 516 876 546 est
898 509 1172 557 Pergamenus,
1204 513 1243 543 et
1274 503 1440 542 melioris
1469 510 1586 548 notae,

132 581 170 612 et
189 574 343 611 easdem
364 574 458 617 fere,
479 584 572 622 quas
600 571 772 622 superior
792 570 854 607 ille
878 570 1123 613 Harleianus,
1150 566 1417 618 complectitur
1448 564 1586 601 oratio·

132 648 215 679 nes,
247 647 386 685 nempe
417 646 510 683 quas
536 633 698 681 publicas
729 632 843 681 vulgo
873 631 1068 668 nominare
1103 629 1240 666 solent.
1307 627 1367 664 Ex
1387 639 1433 663 eo
1452 632 1587 662 nactus

133 710 217 734 sum
245 695 485 734 solummodo
506 694 707 732 Variantes
734 693 1030 744 Philippicarum
1050 691 1121 730 IV.
1179 690 1279 727 Nam
1300 702 1388 726 cum
1411 687 1501 724 MS.
1522 686 1587 724 ille

134 758 321 796 beneficio
343 756 420 793 Viri
450 747 666 793 amicissimi
695 754 745 792 ad
764 767 824 792 me
847 753 1132 804 Cantabrigiam
1161 751 1389 794 mitteretur,
1411 755 1452 785 ut
1472 754 1587 785 caete-

135 833 276 863 rarum,
294 831 379 870 quae
399 824 639 868 supererant,
654 815 776 853 varias
795 816 875 866 ipse
897 817 1076 861 αὺτολεξεὶ
1094 824 1357 863 excerperem,
1377 811 1416 847 in
1437 809 1585 854 itinere,

137 881 237 919 mala
254 878 490 930 quorundam
511 878 601 922 fide,
618 877 852 926 interceptus
873 883 943 920 est,
966 882 1004 912 et
1023 888 1070 912 ex
1090 887 1135 912 eo
1155 881 1327 922 tempore
1348 871 1411 908 diu
1431 870 1588 907 frustra-

134 955 211 992 que
232 954 254 978 a
274 952 335 977 me
356 939 562 989 quaesitus:
593 938 671 975 sive
690 937 958 987 imprudentia,
980 936 1059 973 sive
1080 934 1237 973 consilio
1258 940 1296 970 et
1315 932 1446 970 dedita
1472 943 1588 982 opera

136 1005 184 1041 sit
203 1002 428 1051 discerptus.
486 999 607 1037 Hunc
629 1011 667 1036 s1
691 1009 791 1038 QUIS
813 998 952 1043 adhue,
973 1011 1046 1036 nec
1067 1009 1181 1048 prece
1201 1002 1343 1040 nostra,
1370 1007 1444 1032 nec
1463 993 1587 1044 pretio

137 1064 327 1108 delinitus,
359 1060 461 1100 domi
490 1061 526 1098 in
555 1061 685 1111 pluteo
714 1072 1032 1107 CONCLUSERH',
1056 1071 1138 1097 vm.
1159 1057 1291 1110 quovis
1310 1056 1425 1095 modo
1446 1065 1588 1094 FRAU-

139 1139 230 1168 DEM
253 1136 403 1172 FAxrr,
424 1135 519 1176 ¹³⁴²AE
540 1135 662 1161 me
686 1134 824 1160 SACER
847 1134 965 1161 Es'ro.

717 1376 1014 1416 EXCERPTA

476 1476 523 1529 E
557 1474 897 1528 TAYLORI
936 1474 1254 1527 SCHEDIS

846 1597 889 1617 DE

331 1666 861 1713 DEMOSTHENIS
907 1668 993 1710 ET
1036 1663 1406 1708 AESCHINIS

478 1785 710 1815 comolssus
735 1785 860 1815 Ms'rls
883 1784 937 1815 ET
962 1781 1265 1816 EDITIONOEUS,

193 1888 328 1929 νιΤΑ,
357 1887 623 1930 Fon'rums,
658 1888 819 1920 REBUS
852 1890 1038 1927 GEsrrs,
1072 1884 1426 1925 oRA'ronmus,
1455 1874 1538 1914 διο.

197 2059 250 2097 IN
275 2072 415 2109 magno
444 2071 604 2097 numero
629 2059 877 2104 voluminum,
906 2060 953 2097 ab
977 2059 1148 2097 Antonio
1169 2056 1353 2095 Askewio
1373 2057 1422 2094 V.
1439 2057 1484 2095 C.
1504 2056 1594 2094 olim

147 2120 195 2158 ad
217 2134 276 2158 me
295 2120 472 2158 Londino
485 2120 696 2165 missorum,
715 2121 851 2172 quibus
867 2121 955 2158 olim
973 2122 1030 2159 Io.
1052 2121 1209 2172 Taylor,
1227 2120 1276 2157 ad
1289 2119 1593 2156 Demosthenem

148 2182 445 2231 AEschinemque
465 2195 574 2218 suum
596 2182 790 2220 edendum
811 2195 899 2219 usus
915 2182 999 2227 fuit,
1021 2190 1079 2219 est
1097 2182 1275 2218 volumen
1291 2180 1398 2217 molis
1414 2180 1593 2229 ingentis,

147 2243 186 2280 in
206 2242 307 2293 quod
327 2242 471 2293 Taylor
499 2256 738 2292 quaecunque
758 2243 901 2292 legenti
928 2249 1178 2280 occurrerent
1205 2242 1252 2279 de
1272 2241 1357 2278 vitis
1377 2249 1415 2278 et
1433 2241 1595 2280 fortunis

145 2304 246 2355 paris
275 2303 384 2352 hujus
412 2310 606 2342 oratorum
636 2303 812 2342 contulit.
867 2304 955 2355 Ipse
983 2302 1216 2354 praescripsit
1243 2302 1409 2341 indicem
1429 2302 1594 2354 capitum

147 2365 266 2404 hunc.

201 2489 326 2528 Codd.
360 2491 482 2529 MSS.
517 2488 726 2528 Editiones.
785 2488 941 2541 Antiqui
977 2489 1122 2528 Critici.
1178 2487 1378 2526 Neoterici
1410 2487 1592 2525 seriatim.

149 2550 288 2588 Forma
322 2551 475 2602 Operis.
532 2551 663 2589 Critici
702 2550 849 2589 iterum.
908 2552 1100 2588 Auctores
1141 2551 1187 2588 ab
1233 2550 1400 2600 Ulpiano
1437 2548 1591 2586 laudati.

149 2611 422 2651 Demosthenis
455 2613 643 2651 orationes
681 2612 819 2657 dubiae‚
853 2620 1078 2662 argumenta
1111 2620 1185 2650 etc.
1244 2611 1399 2649 Praefat.
1455 2611 1595 2662 Στίχοι.

149 2673 340 2713 Miscella.
397 2675 592 2713 Contenta
616 2673 830 2710 Voluminis
858 2673 989 2724 quinti.
1048 2674 1188 2711 Period
1216 2673 1262 2710 of
1285 2672 1449 2710 LXXX.
1469 2684 1596 2723 years.

149 2734 212 2772 Ex
241 2734 457 2774 Scholiasta
485 2734 575 2773 MS.
596 2733 803 2772 AEschinis.
861 2734 1142 2785 Compendium
1169 2734 1270 2779 vitae,
1298 2732 1596 2786 [Demosthenis

148 2797 280 2850 puta.]
308 2797 496 2837 Miscella.
552 2797 642 2834 Vita
661 2796 947 2835 Demosthenis.
1006 2798 1199 2836 Auctores
1227 2796 1418 2835 emendati
1443 2796 1480 2833 in
1503 2795 1596 2833 Edi-

149 2860 251 2899 tione
290 2861 406 2899 Dem.
450 2859 769 2911 Cantabrigiensi.
828 2859 1029 2910 Sophistze.
1087 2860 1174 2896 Vita
1216 2859 1392 2910 Philippi.
1449 2858 1594 2895 Demo·
