1824 3171
511 156 514 160 '
569 154 650 192 AD
681 153 1142 192 DEMOSTHENEM.
1459 155 1578 194 ccxvii

127 255 159 293 si
178 255 216 294 in
237 261 392 308 puteum
411 253 603 305 abjiciant.
660 256 890 306 Quanquam
913 255 962 292 ad
981 254 1055 292 hoc
1075 253 1227 305 quidem
1246 267 1338 305 opus
1359 268 1486 294 meum
1508 258 1576 295 de-

124 317 406 355 mosthenicum
423 316 488 367 qui
506 315 722 367 symbolam
742 317 957 362 conferunt,
979 329 1139 366 eamque
1169 329 1247 353 non
1277 329 1484 362 enormem,
1507 331 1577 368 per

124 378 291 416 minutas
311 384 449 429 partes,
470 377 674 429 pecuniam
695 378 733 415 hi
754 392 862 416 suam
881 391 959 416 non
979 377 1173 429 perditum
1202 384 1309 425 eunt,
1339 378 1409 414 sed
1437 391 1576 428 magno

124 453 212 476 cum
226 439 372 477 foenore
386 439 502 490 paulo
521 446 608 490 post
623 447 904 491 recuperatum.
951 438 1125 489 Ecquem
1144 451 1221 475 non
1237 438 1351 489 plane
1365 451 1577 488 pauperem

123 507 258 549 gravet
283 500 457 551 impensa
475 500 627 550 pistolae
648 501 814 538 dimidiae
837 502 960 552 (cujus
979 500 1084 537 valor
1105 499 1289 537 ducatum
1317 499 1578 537 hollandicum

118 561 288 598 nondum
308 563 452 613 aequat)
472 562 510 599 in
531 563 710 600 volumen
731 576 910 614 graecum,
933 561 1148 611 quusmodi
1174 561 1248 599 hoc
1269 568 1339 606 est,
1373 573 1443 599 sex
1473 574 1579 599 men-

120 621 226 661 sibus
247 630 337 662 ante
359 631 531 674 erogata,
555 626 664 675 cujus
685 624 916 675 aequivalens
936 624 1052 675 paulo
1073 630 1159 674 post
1180 623 1228 661 sit
1254 622 1580 674 recuperaturus?

119 682 209 734 Ego
228 684 395 734 quidem,
411 685 476 735 qui
496 686 654 736 publica
672 686 877 724 commoda
897 685 990 723 meis
1006 684 1163 736 privatis
1183 697 1337 734 semper
1356 684 1578 729 antehabui,

119 758 198 782 non
229 759 297 797 spe
327 747 541 785 divitiarum
565 748 860 799 quaerendarum
888 748 961 785 hoc
990 760 1087 799 opus
1108 745 1282 796 suscepi;
1312 758 1397 796 quae
1417 745 1475 783 his
1495 758 1580 796 pro-

118 806 223 844 fecto
257 808 399 846 artibus
429 822 504 846 non
532 815 777 859 quaeruntur3
807 809 987 847 abhorret
1022 820 1177 859 quoque
1204 806 1351 844 animus
1381 806 1429 843 ab
1462 806 1580 857 impo-

119 874 224 905 stura
245 884 253 913 ;
283 869 430 907 etiamsi
449 870 563 908 velim
591 870 685 908 alios
706 871 885 921 decipere
906 878 1022 921 atque
1054 881 1273 919 emungere,
1293 868 1465 905 desertus
1494 881 1577 905 sum

118 931 167 967 ab
199 930 361 968 audacia
390 937 428 968 et
455 930 704 982 impudentia,
727 939 766 969 et
786 932 1009 970 calliditate.
1065 930 1272 981 Ingenium
1292 929 1384 966 mihi
1406 929 1455 966 ad
1475 929 1579 967 frau-

118 991 188 1028 des
208 991 423 1040 huJusmodi
445 999 503 1029 est
523 992 666 1030 tardius
686 999 802 1042 atque
822 993 1024 1043 stupidius,
1040 999 1079 1029 et
1098 991 1268 1029 timidius
1288 990 1417 1028 etiam.
1476 990 1576 1028 Satis

118 1051 283 1098 habebo,
306 1052 337 1090 si
357 1060 520 1097 sumtus,
543 1066 637 1103 quos
664 1053 702 1090 in
731 1053 804 1090 hoc
831 1060 993 1100 tantum,
1024 1060 1083 1090 tot
1107 1052 1302 1090 volumina
1330 1051 1576 1102 impleturum

119 1125 214 1163 opus
234 1114 404 1164 erogabo
429 1114 663 1156 necessario,
693 1127 986 1164 recuperavero.
1047 1113 1356 1151 Lucubrationes
1377 1125 1399 1149 a
1419 1125 1480 1149 me
1500 1113 1576 1149 hoc

117 1172 157 1209 in
185 1187 278 1224 opus
308 1187 378 1224 per
408 1181 465 1211 tot
492 1187 611 1211 annos
641 1174 832 1224 impensas
862 1188 970 1212 acres
992 1181 1031 1211 et
1058 1173 1229 1212 assiduas
1249 1172 1473 1223 reipublicae
1493 1173 1579 1210 lite-

117 1233 225 1271 rariae
253 1235 388 1272 lubens
419 1242 458 1272 et
477 1235 590 1272 laetus
609 1236 853 1274 condonabo.
910 1236 1090 1286 Denique
1120 1247 1238 1272 causa
1270 1234 1375 1271 nulla
1408 1241 1479 1279 est,
1509 1247 1577 1272 cur

114 1301 288 1333 metuant
301 1296 553 1341 redemtores,
571 1309 620 1334 ne
640 1297 670 1334 si
687 1297 777 1347 quid
799 1297 955 1335 humani
975 1297 1068 1335 mihi
1085 1296 1297 1347 contingat,
1319 1310 1414 1347 opus
1429 1296 1579 1333 abrum-

115 1363 240 1406 patur.
288 1357 531 1408 Quamquam
553 1358 653 1395 enim
672 1358 711 1395 in
738 1358 819 1396 dies
847 1359 921 1396 alia
945 1359 1063 1405 addo,
1088 1359 1162 1396 alia
1182 1364 1301 1402 muto,
1318 1364 1360 1394 ut
1377 1357 1459 1394 dies
1474 1356 1577 1394 diem

115 1417 246 1463 docet,
263 1416 317 1456 ita
335 1426 463 1456 tamen
483 1419 669 1470 pleraque
691 1420 728 1456 in
747 1421 891 1458 mundo
913 1427 953 1458 et
973 1427 1105 1471 parato
1125 1427 1228 1466 sunt,
1248 1426 1304 1463 ut,
1328 1419 1359 1456 si
1379 1419 1439 1456 vel
1459 1418 1576 1455 hodie

114 1492 243 1518 meum
262 1493 324 1518 me
344 1481 465 1518 fatum
493 1481 667 1527 aufferat,
687 1489 812 1532 coepta
832 1489 960 1519 tamen
978 1483 1056 1520 tela
1071 1481 1285 1520 continuari
1305 1480 1436 1531 possit,
1453 1493 1574 1517 uxore

115 1554 194 1591 non
221 1555 392 1592 passura,
413 1549 482 1579 aut
502 1542 823 1580 existimationem
851 1555 978 1580 meam
1008 1542 1140 1588 minui,
1162 1549 1229 1580 aut
1249 1548 1440 1579 erutorum
1469 1553 1576 1590 spem

115 1604 209 1643 falli.
266 1604 540 1642 Praeterierant
572 1604 790 1643 octodecim
825 1618 975 1643 menses
1004 1617 1028 1642 a
1056 1604 1255 1655 publicato
1288 1603 1352 1640 illo
1384 1615 1578 1653 program-

115 1674 231 1714 mate,
259 1668 308 1705 de
329 1681 406 1718 quo
425 1681 540 1718 supra
563 1668 600 1717 35.
622 1670 685 1705 22.
715 1666 907 1713 dicebam,
932 1681 1062 1718 quum,
1093 1666 1277 1717 incipiens
1303 1668 1383 1714 jam
1405 1665 1454 1702 de
1474 1665 1576 1701 bono

115 1742 296 1767 successu
315 1727 391 1766 mei
413 1736 574 1767 conatus
595 1729 816 1779 desperare,
835 1729 1099 1773 decernerem,
1118 1727 1249 1779 paucis
1265 1727 1350 1773 illis,
1367 1726 1431 1778 qni
1456 1739 1575 1777 pecu-

114 1791 216 1829 niam
234 1797 590 1842 praenumerassent,
615 1794 696 1838 (sex
723 1790 845 1828 ferme
874 1804 1034 1828 numero
1055 1791 1180 1839 erant)
1210 1789 1416 1840 pecuniam
1434 1788 1574 1838 cuique

114 1865 221 1890 suam
242 1853 452 1891 remittere.
512 1852 591 1890 Sed
610 1852 829 1890 intercessit
849 1865 954 1897 uxor,
972 1865 1059 1902 quae
1079 1850 1232 1889 tametsi
1262 1856 1454 1895 cerneret,
1476 1862 1576 1886 com-

114 1914 231 1952 moda
249 1914 364 1966 ipsius
389 1928 460 1952 sua
473 1920 551 1952 tam
572 1914 790 1965 periculoso
811 1921 851 1952 et
880 1913 1036 1965 ancipiti
1065 1919 1189 1964 coepto
1214 1911 1347 1956 minui,
1379 1918 1445 1949 aut
1470 1917 1574 1948 certe

112 1975 152 2012 in
178 1976 383 2013 discrimen
412 1975 504 2021 dari,
534 1989 596 2013 me
625 1982 754 2013 tamen
781 1976 935 2013 hortata
965 1982 1034 2021 est,
1064 1982 1119 2021 ut,
1140 1974 1305 2012 confisus
1325 1972 1388 2011 dei
1413 1972 1571 2017 auxilio,

114 2036 179 2086 qui
199 2037 299 2074 invia
317 2037 572 2087 complanare,
593 2037 794 2087 dubiisque
815 2044 855 2075 et
874 2037 1090 2088 desperatis
1120 2037 1236 2073 rebus
1261 2035 1494 2086 insperatam
1514 2047 1573 2071 sa-

115 2096 234 2134 lutem
263 2097 397 2135 afferre
425 2104 568 2142 nosset,
590 2098 707 2134 fidem
728 2098 857 2135 datam
875 2097 1081 2135 liberarem
1101 2097 1235 2147 reique
1254 2096 1420 2147 publicae
1440 2108 1489 2132 ne
1510 2095 1575 2132 de-

116 2163 252 2204 essem,
273 2166 312 2196 et
331 2158 480 2203 melius,
501 2169 617 2208 quam
644 2159 822 2202 solerem,
852 2159 900 2196 de
930 2158 1160 2196 liberalitate
1187 2158 1299 2206 hujus
1330 2156 1461 2195 saeculi
1486 2170 1572 2207 spe-

114 2233 251 2258 rarem.
311 2220 376 2257 Ab
398 2233 444 2256 ea
463 2219 578 2269 igitur
597 2219 783 2270 impulsus
804 2226 843 2257 et
860 2227 1056 2270 permotus
1075 2233 1156 2257 rem
1173 2231 1298 2257 meam
1314 2218 1352 2255 in
1367 2218 1572 2256 discrimen

116 2281 207 2318 dare
241 2275 470 2325 ausus'suim
494 2280 645 2318 chartas
665 2281 753 2326 emi,
776 2281 947 2318 conduxi
974 2281 1272 2332 typographum,
1300 2280 1573 2318 excudendum

114 2355 208 2393 opus
228 2341 329 2379 dedi.
387 2341 542 2379 Interim
561 2342 678 2392 paulo
711 2342 841 2392 plures
862 2349 978 2393 atque
999 2342 1129 2393 plures
1159 2348 1488 2392 praenumerantes
1507 2354 1572 2380 co-

113 2402 249 2440 ierunt.
306 2402 447 2440 Parum
466 2409 596 2439 tamen
612 2402 705 2454 quid
725 2411 784 2441 est
803 2416 856 2441 aes
877 2404 924 2441 ab
941 2403 985 2441 iis
1007 2404 1192 2442 collatum
1213 2403 1263 2441 ad
1285 2402 1337 2449 id,
1357 2403 1462 2453 quod
1482 2402 1575 2440 mihi

114 2464 162 2502 de
182 2464 332 2515 peculio
359 2477 445 2502 meo
466 2464 765 2515 dependendum
785 2464 867 2502 fuit.
930 2465 981 2502 Et
1001 2465 1178 2516 profecto
1205 2465 1245 2502 ni
1266 2464 1393 2515 plures
1413 2478 1574 2502 numero

112 2526 351 2577 inposterum
377 2526 610 2570 coalescant,
646 2539 804 2564 necesse
834 2527 962 2564 habeo
991 2527 1107 2565 telam
1127 2527 1226 2565 hanc
1244 2526 1282 2564 in
1306 2526 1477 2564 secundo
1498 2534 1575 2564 sta-

113 2589 181 2625 tim
200 2587 406 2631 volumine,
427 2593 676 2639 posteaquam
706 2595 829 2625 totum
851 2589 1126 2627 Demosthenis
1147 2595 1295 2626 textum
1317 2588 1488 2634 edidero,
1508 2590 1575 2626 ab·

113 2661 302 2699 rumpere.
359 2649 477 2690 Quod
495 2649 526 2686 si
545 2657 673 2687 tamen
693 2650 754 2687 vel
773 2657 920 2687 tantum
942 2663 993 2688 ex
1012 2651 1125 2699 hujus
1145 2650 1254 2701 primi
1275 2650 1477 2688 voluminis
1498 2651 1573 2688 dis-

115 2710 301 2747 tractione
320 2710 488 2755 redierit,
509 2710 612 2760 quod
632 2710 723 2748 satis
744 2711 791 2748 sit
810 2711 995 2749 sumtibus
1016 2712 1054 2748 in
1068 2711 1109 2749 id
1129 2711 1239 2750 factis
1259 2712 1571 2763 compensandis,

116 2769 275 2820 impiger
290 2778 329 2808 et
345 2772 418 2809 deo
433 2771 554 2809 fretus
574 2773 753 2817 stadium,
769 2774 876 2824 quod
891 2773 1086 2823 ingressus
1106 2787 1203 2819 sum,
1217 2774 1429 2818 decurram,
1446 2773 1573 2824 quoad

115 2830 193 2867 vita
216 2831 386 2882 viresque
416 2840 654 2885 supererunt.
725 2834 948 2872 Secundum
979 2835 1160 2873 volumen
1193 2842 1299 2872 certo
1331 2834 1470 2872 certius
1498 2835 1569 2870 sub

117 2890 230 2928 finem
248 2892 481 2943 Septembris
501 2894 611 2943 hujus
631 2894 718 2933 anni
743 2898 857 2936 1770.
878 2896 1062 2946 prodibit.
1121 2896 1260 2934 Exteri
1289 2896 1319 2933 si
1345 2908 1470 2932 meum
1500 2895 1570 2932 sibi

173 2972 273 2999 vor„
295 2973 324 3000 1.
356 2972 360 2976 ·
861 2968 887 3004 2
916 2979 932 3002 c
