1824 3171
540 162 622 202 AD
651 162 1099 202 DEMOSTHENEM
1130 165 1302 204 SUUM.
1588 171 1649 208 xiii

203 266 302 305 sium
320 264 380 303 hic
398 263 580 310 inserere,
601 273 688 304 sunt
707 266 808 304 enim
826 266 1056 317 hujusmodi.
1076 267 1165 314 (hoc
1186 269 1258 317 est)
1308 268 1387 306 Sed
1408 269 1456 307 de
1486 271 1544 309 his
1564 285 1653 310 cum

204 327 322 365 multa
340 325 479 377 possim
499 326 671 364 scribere
691 328 955 378 praetermitto.
984 329 1138 367 Nullius
1159 330 1258 366 enim
1274 343 1335 368 me
1357 331 1549 368 conscium
1570 347 1655 372 esse

203 387 338 438 culpae,
361 387 411 425 ad
429 387 630 425 utilitatem
649 387 803 438 quidem
832 388 1064 427 imbecillum
1094 403 1176 428 esse
1198 391 1438 441 experientia
1457 391 1585 436 didici,
1605 395 1656 431 ad

201 451 385 497 majorem
413 461 505 486 vero
539 449 755 487 moestitiam
783 449 1037 495 inferendam,
1068 452 1442 489 vehementissimum
1476 454 1657 491 omnium.

203 510 396 552 Quoniam
414 517 546 548 autem
566 511 741 548 omnibus
761 511 950 549 accusatis
980 512 1216 550 reconciliati
1238 512 1342 556 estis,
1365 512 1401 549 id
1433 513 1536 563 quod
1554 514 1654 551 bene

201 571 349 610 factum
372 571 546 617 dixerim,
567 580 607 610 et
633 571 724 609 mihi
742 572 855 609 velim
875 574 1147 619 reconciliemi,
1169 574 1236 611 viri
1258 574 1539 611 Athenienses:
1568 589 1657 612 nam

203 646 270 671 vos
295 646 422 684 neque
450 634 531 671 ulla
561 633 691 671 adfeci
710 633 857 682 injuria,
886 635 996 672 Deos
1025 643 1146 673 testor
1172 643 1211 673 et
1238 636 1389 683 heroas,
1409 635 1499 672 mihi
1528 645 1658 674 autem

204 694 315 733 testis
335 702 395 733 est
414 696 534 733 omnis
556 702 738 733 anteacta
755 695 845 741 vita,
867 696 927 733 cui
943 697 1063 747 magis
1077 700 1224 746 justum
1244 704 1303 734 est
1321 704 1362 734 ut
1383 697 1498 734 fidem
1518 698 1660 735 habea-

202 756 263 802 tis,
283 769 398 806 quam
418 757 542 807 culpae
561 757 652 793 mihi
672 770 774 795 nunc
790 757 927 806 injuria
945 757 1076 808 illatae,
1095 772 1219 809 neque
1239 771 1313 809 ego
1333 759 1530 809 pessimus,
1550 758 1659 795 mini-

201 830 312 856 meve
342 831 474 856 eorum
499 818 577 856 fide
599 819 736 869 dignus
761 819 936 866 videbor,
967 821 1031 871 qui
1061 821 1254 859 calumnia
1282 829 1370 858 sunt
1399 821 1660 860 circumventi.

204 879 327 930 Atqui
348 880 540 917 discessus
560 894 668 918 meus
692 881 883 919 immerito
904 895 969 919 vos
990 882 1079 919 mihi
1099 882 1225 920 reddit
1247 883 1386 927 irat0s3
1413 896 1535 932 neque
1558 883 1659 920 enim

202 955 271 993 spe
284 943 398 980 vestri
411 943 615 980 destitutus
631 943 786 981 discessi
802 958 811 987 ;
833 957 960 994 neque
981 944 1054 981 alio
1074 944 1241 981 animum
1259 944 1503 995 applicuerim
1517 956 1660 990 meum,

205 1003 278 1041 sed
307 1003 472 1054 primum
505 1004 593 1054 quia
622 1004 869 1054 ignominiam
904 1005 1069 1042 carceris
1108 1005 1268 1043 moleste
1307 1005 1432 1042 animo
1462 1005 1657 1042 ferebam:

205 1064 346 1101 deinde
363 1065 542 1114 quoniam
555 1072 714 1114 propter
729 1072 880 1101 aetatem
898 1066 1092 1103 imbecillo
1112 1079 1271 1116 corpore
1288 1067 1476 1104 miseriam
1488 1067 1660 1117 perferre

205 1138 282 1162 non
308 1133 499 1176 poteram.
554 1125 652 1162 Item
683 1138 761 1162 non
792 1125 1076 1169 existimabam,
1104 1127 1207 1163 nolle
1237 1140 1303 1164 vos
1322 1140 1458 1164 vacare
1487 1141 1547 1164 me
1566 1128 1661 1164 vitu-

205 1185 324 1236 perio,
354 1186 460 1237 quod
487 1186 593 1223 nullo
622 1186 729 1223 vobis
762 1186 1022 1223 emolumento
1051 1186 1134 1231 fuit,
1163 1200 1223 1224 me
1243 1201 1334 1225 vero
1363 1188 1544 1238 perdidit.
1600 1189 1661 1225 Ad

204 1247 290 1285 haec
309 1247 349 1284 in
367 1247 487 1293 vobis,
503 1247 616 1284 nullis
632 1247 714 1284 aliis
733 1247 902 1284 animum
918 1247 1036 1285 fuisse
1053 1261 1193 1293 meum,
1213 1249 1340 1286 multis
1356 1249 1472 1298 signis
1491 1249 1662 1299 poteritis

204 1308 441 1359 perspicere.
497 1309 598 1346 Nam
621 1316 661 1346 et
690 1309 823 1346 urbem
847 1309 954 1359 petii,
975 1322 1053 1346 non
1082 1309 1119 1345 in
1139 1323 1216 1359 qua
1243 1323 1302 1347 res
1331 1310 1516 1348 maximas
1540 1324 1663 1348 essem

205 1370 288 1422 ipse
308 1378 476 1416 acturus,
497 1371 567 1408 sed
585 1371 623 1407 in
646 1384 760 1421 quam
782 1378 821 1408 et
840 1374 1004 1419 majores
1032 1380 1184 1409 nostros
1205 1372 1400 1422 profectos
1421 1385 1504 1410 esse
1524 1386 1666 1423 cogno-

206 1445 349 1477 veram,
371 1446 447 1483 quo
467 1440 638 1483 tempore
665 1432 738 1470 illis
758 1432 807 1470 de
829 1433 1030 1470 Persarum
1056 1446 1149 1484 rege
1179 1433 1392 1484 periculum
1419 1433 1664 1472 imminebat:

207 1502 248 1532 et
274 1496 385 1545 cujus
404 1494 604 1545 plurimam
635 1508 728 1545 erga
752 1507 819 1532 vos
838 1495 1136 1533 benivolentiam
1167 1509 1249 1532 esse
1274 1508 1557 1546 perspexeram,
1580 1496 1664 1533 haec

208 1562 334 1594 autem
364 1563 422 1593 est
443 1556 733 1594 Troezeniorum
760 1556 904 1602 civitas,
934 1556 995 1594 cui
1029 1565 1134 1607 opto,
1165 1564 1208 1593 ut
1227 1557 1305 1594 Dei
1330 1556 1579 1608 potissimum,
1612 1558 1663 1594 ob

178 1655 180 1657 .
206 1617 326 1668 ipsius
353 1630 447 1668 erga
466 1631 533 1655 vos
564 1617 877 1663 benivolentiam,
899 1625 937 1656 et
957 1618 1142 1656 collatum
1171 1618 1209 1654 in
1237 1631 1299 1655 me
1327 1618 1560 1663 benificium,
1590 1618 1665 1656 sint

209 1691 342 1716 omnes
362 1678 540 1725 benivoli,
559 1687 640 1716 tum
668 1679 763 1730 ipse,
779 1686 952 1717 servatus
972 1692 994 1717 a
1014 1679 1133 1724 vobis,
1155 1693 1290 1729 queam
1316 1682 1459 1717 referre
1488 1680 1664 1730 gratiam.

211 1739 405 1778 Caeterum
421 1753 509 1777 cum
528 1741 565 1777 in
584 1740 658 1778 hac
673 1741 860 1786 nonnulli,
874 1749 917 1778 ut
933 1741 1025 1778 mihi
1041 1741 1362 1791 gratificarentur‚
1382 1741 1580 1792 increpare
1596 1755 1666 1780 nos

211 1809 455 1847 conarentur,
485 1802 602 1853 idque
632 1803 707 1841 mei
735 1803 850 1841 animi
878 1803 1120 1854 ignoratione
1152 1817 1226 1854 ego
1256 1817 1322 1842 eos
1350 1817 1418 1854 pro
1443 1804 1595 1849 viribus,
1626 1812 1668 1841 ut

210 1863 311 1901 bene
331 1862 515 1908 dicerent,
539 1871 579 1900 ut
604 1877 732 1902 meum
753 1872 848 1910 erat,
869 1865 1063 1910 admonui,
1083 1878 1159 1915 qua
1178 1865 1416 1916 potissimum
1436 1879 1551 1903 causa
1569 1874 1667 1917 puto

212 1937 280 1961 eos
300 1937 432 1962 omnes
452 1925 658 1963 admiratos
678 1926 832 1976 publice
852 1939 913 1963 me
934 1926 1154 1964 honorasse.
1197 1927 1276 1964 Sed
1296 1940 1382 1964 cum
1401 1927 1582 1973 viderem,
1604 1928 1668 1965 be-

210 1985 455 2024 nivolentiam
475 1987 629 2037 quidem
649 1987 847 2025 hominum
873 2001 1062 2038 magnam,
1091 1988 1161 2026 sed
1179 1988 1278 2026 vires
1298 1989 1335 2025 in
1366 1989 1570 2039 praesentia
1599 1989 1668 2025 im-

212 2048 433 2093 becillas,in
448 2048 620 2098 Neptuni
637 2050 822 2100 templum
843 2051 1050 2101 profectus,
1065 2050 1103 2087 in
1125 2051 1314 2088 Calaurea
1327 2050 1452 2088 insula
1464 2064 1524 2087 me
1545 2051 1668 2088 conti-

212 2122 300 2154 neo,
321 2122 397 2145 non
417 2109 539 2146 solum
559 2110 691 2147 tutelae
711 2112 845 2160 gratia,
860 2125 975 2161 quam
996 2111 1084 2148 mihi
1106 2124 1192 2148 esse
1213 2124 1326 2161 spero
1346 2112 1394 2148 ob
1415 2112 1667 2149 reverentiam

214 2169 378 2208 numinis
399 2171 540 2220 (neque
561 2171 660 2208 enim
681 2180 788 2209 certe
808 2172 901 2218 scio,
922 2185 1010 2209 nam
1027 2185 1113 2222 quae
1134 2171 1171 2208 in
1188 2172 1346 2209 aliorum
1367 2172 1523 2209 arbitrio
1544 2180 1582 2210 et
1602 2187 1668 2210 vo-

215 2231 365 2269 luntate
390 2231 513 2282 posita
532 2239 632 2277 sunt,
660 2239 814 2270 tenuem
845 2246 891 2270 ac
921 2233 1107 2270 incertam
1128 2233 1302 2283 praebent
1320 2234 1548 2283 periclitanti
1569 2242 1670 2271 tute-

214 2292 322 2342 lam),
343 2293 412 2330 sed
437 2293 553 2330 etiam
579 2293 669 2344 quia
696 2294 857 2344 patriam
886 2294 1076 2344 prospicio
1095 2294 1185 2331 inde
1205 2295 1400 2344 quotidie:
1432 2308 1525 2345 erga
1557 2309 1671 2346 quam

216 2361 335 2391 tantae
359 2353 451 2391 mihi
480 2355 655 2392 conscius
680 2368 763 2392 sum
794 2355 1076 2401 benivolentiae,
1104 2363 1284 2405 quantam
1314 2357 1496 2407 consequi
1527 2364 1617 2408 opto
1648 2370 1671 2394 a

218 2415 338 2453 vobis.
367 2416 625 2466 Quapropter,
638 2416 708 2453 viri
729 2417 1002 2462 Athenienses,
1020 2431 1068 2454 ne
1084 2418 1226 2454 diutius
1241 2417 1348 2455 hisce
1363 2418 1535 2455 detinear
1549 2419 1670 2464 malis,

220 2489 267 2515 ea
285 2477 376 2514 mihi
395 2477 604 2523 decernite,
625 2492 711 2528 quae
732 2479 820 2516 olim
842 2479 936 2523 aliis,
957 2486 1035 2515 tum
1056 2492 1105 2516 ne
1126 2479 1218 2529 quid
1237 2479 1434 2529 indignum
1455 2480 1560 2516 vobis
1579 2480 1671 2516 mihi

219 2539 370 2576 eveniat
388 2553 397 2576 ι
416 2546 498 2576 tum
519 2539 634 2577 etiam
653 2553 702 2578 ne
721 2541 883 2591 supplex
902 2540 984 2577 aliis
1005 2553 1089 2578 esse
1110 2553 1240 2590 cogar,
1260 2554 1349 2578 nain
1368 2555 1442 2579 nec
1461 2541 1568 2578 vobis
1590 2542 1671 2591 qui-

219 2601 309 2638 dem
327 2600 367 2638 id
385 2601 517 2639 decori
541 2601 667 2639 fuerit,
723 2602 838 2644 Quod
860 2601 890 2639 si
908 2602 1095 2639 redeundi
1115 2602 1307 2639 vobiscum
1331 2603 1367 2639 in
1389 2602 1547 2652 gratiam
1568 2602 1673 2639 nulla

218 2661 310 2698 mihi
329 2662 377 2699 sit
392 2675 481 2712 spes
500 2662 659 2713 reliqua,
680 2663 774 2700 mori
796 2676 856 2701 me
877 2670 980 2700 esset
999 2663 1144 2700 melius.
1174 2663 1336 2708 Videtis,
1357 2664 1507 2714 quantis
1524 2676 1673 2713 semper

218 2722 258 2759 in
276 2723 383 2760 malis
402 2730 572 2761 versatus
589 2723 707 2762 fuerit
724 2724 850 2762 miser.
907 2726 1033 2766 Quare
1053 2738 1130 2761 non
1155 2724 1270 2762 miror
1289 2739 1312 2762 a
1330 2733 1458 2776 satyro
1478 2725 1672 2775 seriptum,

222 2785 309 2823 Diis
335 2785 401 2823 ille
429 2786 598 2824 adversis
619 2787 782 2838 genitus,
802 2787 960 2838 fatoque
990 2787 1153 2825 sinistro.
1209 2788 1314 2830 Quid
1333 2788 1435 2838 quod
1463 2788 1527 2824 illo
1557 2787 1672 2823 etiam

221 2852 280 2883 tot
302 2849 382 2894 jam
401 2847 536 2885 secula
553 2855 718 2894 mortuo,
739 2862 846 2887 suum
876 2849 1002 2886 adhuc
1020 2849 1190 2899 fortuna,
1210 2849 1303 2887 licet
1322 2862 1472 2900 semper
1492 2848 1594 2884 varia
1612 2847 1672 2892 sit,

223 2915 341 2960 atque
373 2909 571 2959 instabilis,
599 2926 750 2952 servare
779 2921 952 2952 tenorem
981 2913 1164 2952 videtur?
1208 2913 1307 2951 Nam
1333 2912 1472 2950 abhinc
1503 2911 1581 2948 fere
1611 2911 1673 2947 tri-
