1824 3171
195 168 376 205 clxxxviii
645 170 856 210 REISKII
893 171 1180 210 PRAEFATIO

195 268 260 313 vit,
281 275 322 306 ut
339 281 451 320 paene
465 268 661 314 furiosum,
680 271 1039 313 inconsultissimum
1056 284 1177 325 certe,
1198 287 1239 313 se
1256 274 1430 326 gesserit,
1445 274 1642 328 fidemque

195 341 302 366 suam
321 341 473 368 ornnem
493 330 684 368 everterit.
742 334 1009 386 Apostrophos
1034 344 1138 374 amat
1165 337 1229 374 ille
1250 337 1377 375 codex
1398 344 1440 374 ut
1460 340 1556 375 ταῦτ’
1574 351 1644 388 pro

196 397 325 436 ταῦτα,
356 391 427 429 ἔστ’
455 404 523 442 pro
550 393 638 438 ἐστὶ,
659 400 735 431 ete.
791 395 921 446 Leges
950 403 990 434 et
1016 398 1246 443 testimonia,
1281 398 1452 436 formula:
1478 399 1643 449 denique

194 450 388 501 pleraeque
409 451 685 491 desiderantur.
742 455 829 496 Quo
848 456 904 502 fit,
925 464 968 494 ut
989 470 1176 508 nequeam
1195 458 1364 509 Tayloro
1391 459 1564 497 assentiri
1585 459 1644 496 af-

195 510 360 550 firmanti
379 513 655 551 Baroccianum
684 522 723 552 et
755 515 967 555 Parisinum
1000 519 1177 570 primum,
1207 520 1246 556 in
1273 519 1440 570 plurimis
1462 521 1566 570 Aug.
1587 533 1645 570 pr.

195 573 496 620 consentientes,
517 587 564 612 ex
583 575 723 613 eodem
744 577 851 616 fonte
870 579 1024 618 haustos
1054 592 1151 618 esse.
1171 592 1259 618 narn
1280 593 1366 630 quae
1383 580 1557 618 formulae
1578 581 1646 619 de-

196 640 284 670 sunt
318 634 562 684 AugustanO,
594 649 650 674 eae
681 645 769 676 sunt
799 639 837 676 in
866 639 953 677 illis.
1007 640 1237 680 Lectionum
1267 641 1378 688 hujus
1410 641 1552 679 codicis
1584 641 1649 678 vix

196 694 349 731 tertiam
367 702 515 745 partem
536 696 644 735 dedit
663 697 784 745 Wolf,
805 713 872 738 seu
893 701 997 752 quod
1019 702 1150 740 Simon
1171 702 1368 739 Fabricius
1395 715 1461 739 eas
1490 709 1649 753 praeter-

197 754 305 799 vidit,
339 768 408 793 seu
434 758 537 807 quod
556 758 676 805 Wolf,
697 772 720 797 a
741 761 916 800 Fabricio
937 770 1126 807 enotatas,
1147 762 1345 813 expunxit,
1363 763 1481 808 leves,
1513 769 1552 800 et
1569 762 1651 801 edi-

200 815 305 853 tione
319 817 495 868 indignas
509 820 702 869 judicans.
761 822 872 874 Saepe
889 836 1040 873 quoque
1061 824 1174 861 falsas
1188 823 1222 861 ei
1243 823 1460 874 imputavit,
1479 823 1648 874 quisquis

198 876 282 922 fuit,
298 890 365 915 seu
387 879 594 927 Fabricius,
615 895 684 919 seu
706 883 824 929 Wolf,
843 897 911 921 seu
931 897 1060 935 operae
1082 884 1364 935 Episcopianae.
1410 884 1520 935 Saepe
1539 897 1650 922 suum

200 937 248 974 de
266 937 341 975 illis
357 940 543 988 judicium
561 942 802 993 interposuit,
822 957 898 981 non
919 944 1130 990 Fabricius,
1157 945 1227 981 sed
1248 944 1368 981 Wolf.
1425 944 1536 995 Saepe
1557 958 1653 995 quo-

199 1011 274 1048 que
310 1012 395 1036 suas
430 1005 674 1049 conjecturas
707 1003 923 1042 immiscuit.
981 1005 1234 1054 Conjeeturas
1268 1004 1445 1042 lectionis
1480 1005 1655 1043 varietati

201 1058 435 1097 Fabricianae
455 1060 651 1108 immistas,
672 1069 737 1100 aut
755 1077 901 1110 omnes,
932 1072 998 1102 aut
1016 1065 1234 1115 plerasque,
1254 1077 1277 1102 a
1297 1064 1439 1102 Wolfio
1457 1066 1654 1116 profectas

198 1132 296 1165 esse,
319 1120 547 1159 documento
567 1129 626 1160 est
654 1123 763 1160 loeus
788 1125 826 1160 in
854 1133 951 1163 orat.
982 1126 1021 1162 in
1040 1125 1282 1163 Leocharem
1302 1139 1338 1176 p.
1360 1129 1452 1165 613.
1472 1130 1511 1165 5.
1529 1127 1595 1165 ubi
1614 1127 1655 1164 in

198 1182 365 1221 lectione
387 1183 614 1222 Fabriciana
633 1192 673 1221 et
692 1185 731 1222 in
751 1192 939 1224 annotatt.
968 1186 1169 1224 Wolfianis
1192 1185 1325 1224 eadem
1351 1187 1541 1236 profertur
1561 1200 1654 1225 con-

195 1247 360 1295 jectura.
408 1246 618 1284 Lectiones
645 1247 728 1284 illas
749 1260 772 1285 a
791 1248 935 1285 Wolfio
964 1249 1087 1286 editas
1109 1261 1196 1286 cum
1226 1254 1445 1294 tractarem,
1465 1261 1568 1300 saepe
1587 1247 1656 1286 fle-

199 1307 280 1352 bat,
312 1314 354 1344 ut
389 1307 501 1346 sedes
532 1320 679 1358 earum,
712 1309 865 1346 tametsi
899 1309 989 1347 totis
1017 1309 1119 1347 horis
1153 1322 1341 1359 quaerens,
1377 1309 1545 1360 reperire
1576 1323 1655 1348 non

199 1381 363 1419 possem.
421 1368 551 1419 Coepit
579 1369 711 1420 itaque
730 1382 792 1408 me
812 1370 1043 1408 desiderium
1072 1371 1285 1421 usurpandi
1306 1371 1417 1418 huJus
1435 1370 1592 1420 codicis,
1611 1378 1655 1409 ut

200 1429 325 1466 saltim
345 1428 495 1475 scirem,
516 1443 592 1480 quo
612 1430 728 1468 lectio
749 1445 911 1482 quaeque
931 1432 1138 1469 referenda
1157 1439 1271 1469 esset.
1320 1432 1399 1470 Sed
1418 1431 1539 1469 multo
1558 1433 1654 1470 ube-

202 1490 340 1527 riorem
360 1491 426 1527 tuli
447 1490 609 1528 fructum
637 1492 751 1542 hujus
772 1493 928 1538 codicis,
948 1500 991 1529 ut
1012 1505 1057 1530 eo
1076 1505 1159 1530 sum
1178 1493 1335 1543 potitus,
1394 1492 1531 1530 Statim
1551 1492 1654 1530 enim

201 1550 292 1587 mihi
306 1550 489 1596 constitit,
507 1551 689 1590 Wolfium
708 1565 776 1589 seu
796 1553 969 1591 nescisse
985 1565 1032 1591 eo
1048 1559 1152 1591 recte
1172 1553 1242 1599 uti,
1262 1566 1330 1591 seu
1350 1553 1403 1590 nil
1423 1566 1594 1603 curasse,
1614 1560 1655 1592 et

202 1611 295 1649 alias
323 1612 549 1662 secorditer,
571 1612 662 1650 alias
690 1614 790 1651 mala
818 1613 895 1652 fide
924 1614 1063 1664 egisse.
1120 1616 1362 1664 Quamquam
1394 1621 1547 1664 egomet
1573 1614 1656 1666 ipse

201 1685 333 1711 vereor
357 1686 406 1710 ne
432 1674 554 1711 multa
572 1687 698 1712 meam
723 1674 977 1713 attentionem
995 1675 1216 1721 fefellerint,
1246 1676 1285 1712 in
1304 1675 1378 1713 ista
1395 1675 1655 1714 festinatione.

204 1734 442 1772 collationem
465 1735 565 1772 enim
586 1736 697 1783 hujus
718 1736 859 1774 codicis
879 1737 1035 1775 ineunte
1053 1737 1161 1774 Maio
1182 1738 1233 1774 A.
1258 1738 1372 1777 1767.
1391 1745 1554 1787 coeptam
1572 1750 1656 1774 ver-

203 1803 320 1845 gente
341 1797 521 1846 Augusto
542 1797 715 1844 ejusdem
735 1798 821 1834 anni
841 1798 997 1835 absolvi.
1014 1811 1138 1848 neque
1157 1797 1241 1835 fieri
1259 1804 1388 1847 potest
1400 1798 1521 1837 aliter.
1542 1811 1657 1848 nega-

204 1864 286 1894 tum
314 1864 372 1894 est
398 1857 555 1903 homini,
585 1865 628 1895 ut
659 1857 785 1895 omnia
809 1866 954 1904 cernat,
984 1866 1027 1896 ut
1046 1858 1137 1895 nihil
1170 1872 1258 1896 eum
1278 1858 1414 1908 fugiat,
1442 1859 1656 1910 praesertim

202 1918 278 1955 alio
294 1918 545 1969 praelegente,
560 1919 626 1956 ubi
640 1919 769 1956 multae
784 1918 866 1957 soni
879 1919 1144 1957 similitudines
1158 1919 1195 1956 in
1209 1918 1471 1969 diphthongis,
1487 1920 1525 1957 in
1538 1919 1656 1958 literis

206 1979 376 2029 ejusdem
403 1980 497 2026 soni,
517 1987 560 2017 ut
579 1996 597 2018 ο
617 1990 656 2018 et
674 1996 714 2025 ω,
737 1980 756 2017 δ
775 1988 815 2018 et
827 1997 860 2026 τ,
881 1993 992 2019 aures
1012 1981 1173 2024 fallunt;
1203 1981 1292 2018 item
1313 1980 1343 2018 si
1362 1980 1494 2018 audias
1522 1981 1656 2031 legen-

207 2047 284 2077 tem
308 2042 601 2092 ἀναλισκόμενον
630 2054 664 2079 e.
694 2055 727 2079 c.
759 2054 835 2079 non
863 2041 986 2093 possis
1015 2055 1106 2079 aure
1137 2041 1398 2079 internoscere
1430 2041 1554 2080 sintne
1581 2042 1657 2080 duo

206 2101 277 2138 ista
303 2102 501 2147 vocabula,
531 2104 579 2139 ἂν
606 2103 863 2152 ἁλισκόμενον,
893 2115 940 2140 an
969 2116 1084 2141 unum
1114 2103 1366 2140 solummodo.
1392 2103 1495 2140 bona
1526 2110 1658 2141 tamen

206 2163 284 2200 fide
304 2176 521 2201 asseverare
541 2176 695 2213 possum
715 2177 776 2202 me
796 2165 914 2202 multo
935 2171 975 2202 et
1004 2164 1256 2215 copiosiorem
1277 2170 1316 2202 et
1332 2164 1544 2202 fideliorem
1564 2165 1657 2202 dare

208 2225 349 2262 codicis
377 2225 596 2275 Augustani
616 2225 874 2271 collationem,
895 2239 1007 2276 quam
1027 2226 1077 2263 ad
1105 2226 1179 2263 hoe
1199 2225 1274 2262 diei
1303 2224 1505 2262 habuimus
1525 2225 1658 2262 Wolfii

209 2286 409 2324 beneficio.
464 2287 553 2324 Jam
577 2286 722 2323 dudum
751 2294 841 2323 ante
871 2287 962 2323 mihi
990 2286 1212 2324 constiterat
1233 2298 1254 2322 e
1275 2285 1527 2323 Constantino
1554 2298 1657 2332 meo,

209 2358 323 2395 quam
355 2347 552 2398 expediat,
583 2359 606 2384 a
636 2346 793 2385 diversis
826 2348 981 2385 easdem
1011 2347 1249 2383 membranas
1278 2346 1414 2383 iterum
1445 2346 1659 2397 iterumque

209 2408 354 2445 excuti.
412 2408 511 2445 Eum
531 2415 620 2445 ante
648 2421 708 2445 me
729 2415 897 2459 coeperat
915 2408 1033 2446 edere
1053 2408 1086 2444 1.
1109 2408 1163 2445 H.
1185 2407 1367 2445 Leichius
1389 2407 1435 2445 V.
1457 2407 1503 2445 C.
1523 2415 1562 2445 et
1580 2408 1660 2447 vita

207 2468 446 2508 diuturniore
462 2470 611 2520 dignus.
669 2469 746 2506 Sed
765 2470 867 2508 haud
883 2483 1006 2520 pauca
1024 2470 1062 2506 in
1083 2482 1128 2507 ea
1143 2476 1252 2520 parte
1270 2468 1524 2514 Constantini,
1543 2481 1659 2520 quam

206 2530 344 2575 edidit,
365 2538 632 2575 temeraverat,
652 2531 725 2568 alia
744 2531 936 2569 omiserat.
957 2531 1060 2582 quod
1076 2530 1311 2582 deprehendi
1327 2531 1544 2581 exemplum
1558 2530 1658 2582 typis

212 2604 395 2629 excusum
415 2592 463 2629 ad
483 2593 724 2630 membranas
743 2592 843 2643 ipsas
864 2593 1034 2643 exigens.
1088 2592 1152 2630 Ab
1173 2604 1220 2629 eo
1240 2600 1412 2641 tempore
1433 2592 1529 2642 coepi
1550 2591 1659 2629 colli-

211 2665 304 2703 gere
321 2654 499 2703 exempla
513 2653 710 2699 librorum,
731 2654 795 2704 qui
817 2667 905 2692 cum
922 2661 1051 2692 essent
1071 2666 1091 2691 e
1112 2652 1341 2690 membranis
1360 2652 1530 2703 primitus
1550 2652 1660 2698 editi,

206 2714 239 2750 si
260 2713 488 2764 posteriores
509 2726 574 2751 eos
595 2714 644 2751 ad
665 2715 819 2752 easdem
840 2716 1092 2759 membranas,
1112 2714 1215 2751 unde
1236 2720 1363 2750 essent
1384 2713 1490 2758 editi,
1511 2712 1661 2763 exegis-

213 2782 314 2820 sent,
335 2775 465 2812 multae
491 2775 575 2812 aliae
602 2782 642 2812 et
662 2775 782 2812 multo
810 2775 985 2813 meliores
1005 2775 1190 2812 lectiones
1210 2786 1256 2811 ex
1275 2773 1407 2811 iisdem
1427 2773 1659 2812 membranis

212 2843 340 2875 essent
358 2837 527 2887 prolatae.
585 2836 764 2873 Adeatur
782 2835 941 2874 Fabricii
959 2837 1003 2873 Β.
1024 2836 1075 2872 G.
1097 2835 1143 2872 T.
1165 2835 1232 2871 Xl.
1254 2847 1290 2884 p.
1314 2838 1401 2873 119.
1422 2833 1486 2872 fin.
1507 2840 1546 2872 et
1568 2837 1656 2872 121.

212 2898 276 2935 sm.
299 2898 347 2936 dc
369 2897 484 2935 Prato
510 2898 547 2934 in
568 2897 783 2948 appendice
811 2897 982 2935 secunda
1002 2897 1051 2934 ad
1076 2896 1276 2946 Sulpitiuni
1298 2896 1481 2933 Severum
1502 2895 1659 2947 protulit
