1924 3288
503 166 547 208 O
602 165 788 207 ΠΕΡΙ
849 163 1233 207 ΕΙΡΗΝΗΣ,

1495 159 1599 214 139

141 275 276 339 ὃειάς,
304 302 432 330 κακα
423 276 503 330 ὃ
522 278 808 351 ἔργαζομενον
834 280 897 332 τοὶ
921 303 1130 352 μεγιστα
1157 280 1236 342 τῆν
1260 281 1397 332 πόλιν
1427 305 1505 333 και
1535 283 1601 334 τοὶ

141 375 236 433 ’παρ
268 353 367 424 υμῖν
392 351 635 405 ‹immam-x
656 354 877 421 Φιλιππῳ
905 380 983 408 και
1005 357 1368 449 πρυτανεύοντα,
1372 358 1603 423 παρελθων

145 450 264 478 entov
301 450 359 485 Εἰς
391 451 526 497 υμας,
555 426 760 500 Ουδεμίαις
786 430 830 456 1

820 453 956 482 ενεκεν
992 429 1070 483 οὔτ
1118 428 1296 520 ’ἔχθρας
1333 427 1431 481 οὔτε
1470 453 1603 481 συκο-

145 500 339 564 φαντιας
364 499 555 564 ceiam,
522 527 578 562 ως
605 502 654 555 ἐκ
683 529 767 556 των
786 504 913 575 μετοέ
940 529 1095 558 ταυτα
1123 504 1253 598 ἔργων
1280 527 1434 571 γεγονε
1461 502 1509 566 d*
1512 519 1602 555 λον

147 598 226 626 και
257 574 397 627 ουκετ’
424 574 462 627 ἔν
497 577 666 637 τούτοις
696 578 966 651 αἷτιασομαι
1003 605 1103 639 τους
1141 578 1246 648 ὑπερ
1257 577 1607 681 2Νεοπτολεμου

148 648 557 715 λεγοντας-ουὸε
585 676 644 712 εις
673 678 762 722 γαρ
787 654 1047 715 ’ἧν-α’λλ
1068 654 1231 714 αὐτους
1257 653 1425 725 2ὑμοῖς
1456 652 1493 705 εἷ
1518 652 1608 746 γοῖρ

149 722 190 775 ἓν
215 723 422 777 Διονύσου
457 725 707 818 τραγῳδους
741 728 955 818 ἓθεασθε,
985 728 1122 781 olna*
1158 728 1222 798 μῆ
1255 752 1352 822 περι
1388 751 1610 822 σωτηριας

151 822 229 851 και
256 823 401 851 κοινων
427 800 714 894 πραγμάτων
738 803 785 865 ἠν
811 828 831 855 ο
857 805 1010 871 λογος,
1038 828 1116 856 ουκ
1141 828 1196 856 αν
1224 801 1360 862 οὓτως
1386 801 1464 856 οὔτ
1497 802 1611 855 ἐκει-
1628 815 1681 851 74

152 897 218 925 νου
243 898 350 967 προς
377 874 507 950 χάριν
535 876 626 929 οὔτ
653 877 757 949 ἐμοῦ
784 902 895 953 προς
917 878 1222 946 απεχθειαν’
1196 876 1439 940 ηκουσατε.
1461 901 1613 929 καιτοι

153 949 284 1002 τοῦτό
310 973 364 1016 γε
391 975 508 1021 υμας
534 949 679 1022 οἴομαι
706 976 771 1005 νυν
798 977 1015 1013 απαντας
1041 950 1340 1024 ῃσὲὶῆο-θαι,”
1319 976 1386 1004 οτι
1415 976 1494 1014 την
1519 950 1616 1003 τότ

154 1021 304 1088 ἄφιξιν
330 1023 389 1083 εἷς
415 1024 514 1084 τούς
539 1026 781 1097 πολεμίους
814 1027 1055 1090 εποιήσατο
1089 1026 1195 1112 ὑπερ
1228 1028 1307 1079 τοῦ
1340 1026 1479 1078 τοῖκεῖ
1507 1023 1619 1093 χρή-

87 1118 138 1153 59
154 1098 272 1168 μαϊ’
305 1097 581 1169 οφειλόμενα,
617 1101 674 1159 ὦς
708 1098 805 1165 ἔφη,
839 1100 1039 1172 κομίσας
1074 1099 1187 1170 δευρο
1224 1110 1510 1191 λειτουργεῖν·
1542 1123 1620 1151 και

144 1170 296 1240 τούτῳ
323 1176 390 1240 τῷ
421 1174 544 1241 λόγῳ
571 1173 776 1242 πλειστῳ
802 1199 1098 1246 χρησαμενος,
1127 1200 1184 1234 ως
1213 1173 1340 1227 cimon
1374 1174 1415 1227 εἶ
1443 1199 1512 1232 τις
1545 1197 1623 1239 εγ-

157 1257 300 1299 καλεῖ
332 1272 422 1307 τοις
459 1246 618 1301 ἐκεῖθεν
653 1248 808 1302 effla&
850 1275 938 1310 τας
980 1249 1187 1326 ευποριάς
1225 1272 1432 1316 αγουσιν,
1469 1244 1626 1308 επειὸη

547 1365 555 1384 ¹
578 1363 656 1395 ἕνεκα.

163 1459 239 1492 191,
255 1458 307 1486 15.
332 1457 381 1486 ed.
411 1457 449 1486 R.
478 1467 597 1498 πρυταν.
625 1457 785 1498 conjungit
809 1468 878 1488 cum

162 1499 275 1534 πείσας.
301 1499 426 1530 Riinm.

206 1542 428 1583 Πςυτανεύοντα]
458 1544 685 1574 Demosthenes
708 1543 739 1573 in
761 1543 882 1583 Philip-

163 1586 256 1625 picis,
278 1586 378 1626 inquit
401 1587 661 1626 Harpocratione,
687 1587 801 1626 accipit
824 1598 882 1627 pro

166 1629 326 1659 διοικοῦντα.
352 1630 490 1660 Aue-ER.

209 1672 280 1702 Οὐδὲ
294 1670 331 1706 εἷς
343 1674 397 1712 γὰρ
411 1670 456 1713 ἦν]
482 1673 591 1712 Accipi
603 1678 708 1713 potest
720 1684 776 1713 pro
789 1672 884 1708 οὐδεὶς,

166 1716 200 1745 id
223 1720 282 1750 est,
297 1726 386 1745 nemo
405 1716 544 1746 defendit
560 1717 812 1756 Neoptolemum,
830 1717 885 1746 sed

167 1759 234 1798 ipse
250 1769 372 1788 causam
390 1769 476 1789 suam
494 1759 574 1798 egit3
598 1760 661 1795 vel,
677 1759 802 1799 plurimi
819 1760 886 1789 fue-

168 1806 238 1832 runt
250 1801 318 1842 ejus
331 1803 520 1838 defensores,
533 1803 566 1832 id
578 1807 636 1838 est,
646 1808 727 1833 totus
740 1803 875 1844 populus

170 1855 227 1876 vos
247 1845 307 1884 ipsi
324 1856 393 1874 eum
409 1846 602 1875 defendistis.
627 1847 750 1877 Wom.
797 1846 888 1875 Harl.

171 1888 266 1925 οὐδεὶς,
288 1888 384 1918 forma
406 1888 529 1918 usitata.
553 1890 592 1921 cf.
610 1891 743 1929 Gregor.
767 1890 838 1919 Cor.
858 1901 876 1928 p

172 1934 226 1962 2⁶2.
277 1931 387 1970 Accipi
403 1941 478 1961 vero
495 1933 591 1962 verba
614 1942 674 1962 non
697 1937 827 1972 possunt
855 1932 887 1959 in

172 1975 253 2004 bunc
269 1984 415 2004 sensum:
439 1984 530 2014 neque
553 1976 631 2004 enim
655 1976 739 2005 ultus
752 1974 822 2013 fuit
841 1973 891 2011 (ut

174 2017 290 2055 Anger.
308 2018 401 2048 etiam
421 2017 587 2058 reddidit),
604 2018 660 2046 sed
676 2027 682 2045 :
708 2025 799 2055 neque
815 2017 892 2045 enim

174 2059 340 2101 unusfuit‚
356 2061 386 2090 h.
404 2071 431 2090 e.
448 2061 553 2099 plures
568 2060 702 2095 fuerunt,
715 2060 765 2098 qui
781 2068 838 2097 pro
854 2068 891 2087 eo

174 2103 323 2134 dicerent.
344 2104 448 2133 Bzcx.

218 2145 261 2176 Ἐν
271 2146 415 2186 Διονύσου]
441 2143 568 2175 Scilicet
578 2144 644 2183 ναᾷἱ,
656 2145 687 2174 in
699 2142 810 2175 Bacchi
823 2143 892 2178 aede,

177 2194 229 2219 aut
244 2188 322 2230 ἑορτῇ
332 2187 426 2228 sesto,
439 2191 470 2217 et
485 2187 528 2216 sic
545 2197 603 2227 ego
624 2187 714 2217 verti.
757 2187 836 2217 Nam
854 2196 894 2216 ex

177 2231 314 2262 oratione
335 2231 396 2271 περὶ
421 2230 562 2270 Στεφάνου
579 2235 710 2267 constat,
728 2231 758 2260 in
775 2230 895 2259 theatro

177 2279 263 2304 actas
277 2274 375 2304 fuisse
396 2273 577 2313 tragoedias.
599 2273 720 2304 WoLr.
767 2274 815 2302 De
838 2282 896 2302 usu

178 2318 238 2347 hoc
255 2315 392 2346 Genitivi
408 2318 446 2346 cf.
464 2317 593 2355 Gregor.
611 2317 685 2347 Cor.
703 2317 742 2347 de
758 2316 843 2346 Diat.
866 2326 898 2355 p.

181 2362 234 2390 17.
253 2361 357 2389 Bsscx.
382 2360 445 2389 Sed
456 2359 557 2389 malim
569 2359 629 2400 ἱεςῷ
644 2360 793 2399 suppleri.
817 2359 897 2389 Nam

180 2403 291 2434 fabulae
306 2403 337 2432 in
349 2402 463 2441 templo
473 2403 590 2432 Bacchi
601 2403 783 2433 dicebantur
798 2413 806 2439 3
820 2412 896 2441 quas

182 2446 308 2486 quidem
329 2449 557 2482 commemorat,
576 2446 658 2485 quod
673 2445 898 2485 Neoptolemus

183 2490 354 2519 fabularum
370 2492 456 2518 actor
470 2493 564 2518 esset.
594 2489 669 2519 vid.
683 2489 722 2518 de
739 2488 900 2527 Dionysiis

186 2533 270 2562 Phil.
286 2533 309 2562 i.
324 2531 349 2571 ξ.
367 2530 413 2570 ιγ’.
436 2530 565 2561 Βῆοῐο.

231 2574 434 2615 ’efficto-mne]
471 2573 616 2604 Ἐθεὲἶσὲιε
639 2584 766 2613 recepp.
791 2572 901 2603 Reisk.

191 2618 287 2649 Beck.
301 2618 448 2653 Bekker.‚
457 2622 487 2647 at
499 2617 622 2647 videtur
635 2618 700 2647 haec
713 2617 762 2647 vel
773 2627 810 2646 ex
822 2626 904 2645 com-

192 2661 305 2701 pendio
329 2660 483 2691 scribendi
506 2665 593 2690 enata
616 2661 666 2690 vel
689 2661 728 2690 ob
743 2657 774 2690 ’ἦν
790 2659 906 2699 scripta

193 2714 275 2734 esse.
310 2704 390 2733 Nam
406 2714 513 2734 sensns
528 2708 591 2733 est:
618 2703 644 2733 si
671 2703 810 2733 vidissetis
833 2702 905 2742 (cfr.

194 2747 280 2777 Phil.
294 2746 317 2777 i.
340 2746 367 2786 §.
383 2747 412 2777 ά.
437 2746 459 2776 εἰ
471 2763 514 2769 -
526 2745 774 2786 συνεβούλευσαν),
796 2755 856 2775 non
872 2745 909 2774 li-

196 2790 316 2820 bentins
351 2790 529 2827 audissetis,
524 2802 530 2806 ·
566 2790 636 2820 hino
667 2791 739 2820 lect.
769 2789 909 2820 ἦκούσοιτε

197 2832 281 2863 dedi.
304 2831 436 2862 Riimc.

239 2875 413 2915 Ἠκούσατε]
458 2875 628 2905 Verborum
663 2875 813 2905 sententia
850 2885 910 2904 non

199 2921 276 2949 adeo
290 2923 338 2948 est
352 2912 508 2957 expedita.
544 2918 729 2947 Redduntur
742 2929 759 2948 a
771 2919 909 2948 Dounaeo

201 2964 263 2993 ita:
289 2963 339 3002 qui
354 2962 378 2991 si
398 2961 541 3000 tragoedos
564 2962 597 2990 in
622 2960 721 2991 Liberi
743 2963 836 3000 patris
851 2971 911 3000 spe-

1002 1366 1110 1405 2ὑμεῖς
1126 1365 1212 1394 αὐτου
1198 1364 1239 1399 υς·

915 1459 1043 1488 ctassetis
1055 1467 1091 1487 ac
1107 1468 1164 1487 non
1180 1457 1214 1486 de
1230 1458 1301 1496 reip.
1312 1456 1408 1486 salute
1423 1461 1571 1497 ageretur,
1581 1464 1631 1485 ne-

916 1511 1063 1542 quaquam
1076 1502 1115 1530 sic
1131 1500 1213 1530 veli
1207 1500 1274 1529 'lias
1282 1504 1373 1539 grata
1385 1499 1632 1539 atqitejucunda,

916 1546 960 1574 vel
974 1550 1071 1574 nostra
1084 1543 1178 1573 vobis·
1169 1544 1264 1572 znvisa
1275 1554 1307 1572 or
1309 1546 1367 1572 atio
1368 1542 1490 1583 fuisset.
1518 1541 1633 1572 Eodem

917 1589 980 1617 fere
997 1587 1089 1616 modo
1106 1586 1209 1616 caeteri
1226 1586 1422 1625 interpretes.
1455 1585 1551 1614 Wolf.
1568 1595 1636 1614 sen-

918 1631 1044 1660 tentiam
1061 1639 1129 1659 esse
1146 1629 1270 1659 statuit:
1296 1630 1344 1657 V
1346 1639 1381 1658 os
1397 1629 1439 1657 ita
1455 1627 1576 1657 favistis
1590 1627 1636 1657 hi-

919 1673 1026 1704 strioni
1056 1672 1221 1712 proditori,
1252 1682 1287 1701 ac
1317 1671 1538 1711 perduellionis
1571 1680 1639 1706 reo,

920 1728 955 1746 ac
971 1717 995 1746 si
1013 1715 1194 1754 tragoediam
1210 1719 1325 1753 ageret,
1349 1725 1406 1744 non
1431 1714 1542 1753 capitis
1566 1723 1638 1742 cau-

921 1770 982 1789 sam
1001 1759 1130 1793 diceret,
1149 1758 1317 1796 voluptatis
1335 1757 1465 1787 studiosi
1483 1767 1553 1786 cum
1570 1765 1642 1796 per-

880 1825 888 1837 ,
922 1803 1003 1833 nioie
1014 1801 1194 1841 reipublicae
1208 1800 1226 1839 3’
1245 1811 1312 1839 quae
1324 1800 1478 1839 quomodo
1488 1809 1527 1828 ex
1539 1799 1643 1829 verbis

924 1846 1098 1879 exsisteret,
1114 1854 1173 1873 non
1196 1844 1272 1873 vidi.
1320 1844 1385 1872 lmo
1409 1843 1468 1872 hoc
1485 1842 1545 1871 sibi
1562 1842 1643 1871 velle

881 1912 888 1918 .
924 1891 1013 1919 Dem.
1030 1887 1138 1916 censui
1155 1897 1161 1915 ε
1187 1897 1245 1916 non
1265 1886 1520 1925 Neoptolemum,
1539 1885 1564 1914 si
1582 1889 1645 1914 tra-

925 1930 1056 1969 goediam
1074 1939 1165 1969 agere
1184 1929 1353 1963 vidissetis,
1366 1933 1427 1957 tam
1444 1928 1577 1957 libenter
1593 1937 1644 1957 au-

925 1972 1052 2003 dissetis
1077 1971 1206 2012 (malum
1237 1971 1305 2001 scil
1330 1970 1540 2009 histrionem),
1556 1980 1646 2009 quam

927 2026 995 2045 eum
1019 2015 1183 2045 audivistis
1211 2015 1250 2044 de
1275 2014 1397 2053 republ.
1417 2013 1584 2048 dicentem,
1607 2014 1647 2042 de

927 2069 988 2098 qua
1003 2069 1051 2087 me
1068 2062 1208 2097 agentem
1225 2057 1302 2086 male
1318 2056 1498 2095 accepistis.
1525 2057 1647 2085 Poterat

929 2101 1081 2132 sententia
1096 2101 1144 2130 his
1163 2101 1268 2131 verbis
1284 2099 1425 2129 absolvi:
1451 2099 1498 2129 οὐκ
1513 2098 1545 2129 ἂν
1560 2097 1648 2133 οὕτως

927 2142 1024 2174 ἐκείνου
1036 2142 1102 2185 πρὸς
1117 2143 1199 2185 χάριν
1209 2142 1359 2174 ἧκούσοιτε.
1391 2142 1548 2181 Opposuit
1561 2152 1606 2176 se,
1615 2147 1648 2170 ut

930 2187 1040 2218 levitas
1050 2188 1162 2217 Athen.
1179 2197 1216 2216 eo
1233 2186 1335 2216 acrius
1353 2190 1522 2215 notaretur.
1543 2186 1644 2214 Bncx.

972 2228 1161 2270 Λειτουςγεῖν]
1190 2230 1265 2267 Ulp.
1294 2228 1332 2262 εἰς
1353 2227 1387 2257 τὸ
1408 2227 1538 2267 δημόσιον
1564 2226 1648 2268 ἐργά-

932 2272 1053 2312 ζεσθαι,
1070 2282 1180 2302 munus
1197 2272 1320 2309 aliquod
1337 2281 1393 2309 pro
1410 2271 1473 2300 suis
1492 2270 1650 2301 facultati-

931 2318 989 2346 bus
1013 2316 1097 2345 obire
1119 2313 1304 2355 (λειτουργίαι
1328 2313 1496 2352 ἐγκύκλιοι).
1520 2312 1649 2353 Olynth.

934 2358 1102 2399 11.(1..)§
1125 2357 1165 2388 θ’.
1183 2369 1215 2398 p.
1231 2358 1312 2387 med.
1329 2357 1433 2395 ibique
1456 2355 1550 2386 dicta.
1577 2357 1650 2385 Am·

933 2412 1014 2432 mon.
1029 2403 1067 2431 de
1093 2401 1158 2431 diff.
1183 2411 1269 2431 voce.
1293 2411 1325 2440 p.
1351 2402 1401 2430 89
1406 2398 1531 2429 'Walck
1556 2400 1593 2429 F.
1613 2401 1649 2428 Α.

935 2444 1036 2475 Wolf.
1047 2446 1085 2475 ad
1101 2446 1190 2483 Lept.
1203 2443 1279 2474 vol.
1272 2444 1306 2473 1i.
1322 2455 1353 2482 p.
1346 2444 1436 2472 ..⁶370.
1452 2453 1517 2481 sqq.
1529 2442 1647 2472 Boekh.

935 2488 1145 2518 Staatshaush.
1162 2488 1193 2517 d.
1208 2487 1307 2517 Ath.'
1298 2497 1320 2515 ι.
1335 2488 1411 2517 320.
1435 2484 1565 2515 R'umc.

979 2530 1034 2564 ‘nc
1048 2529 1124 2560 δεινὸν
1140 2541 1166 2559 κ.
1183 2541 1213 2560 τ.
1229 2535 1257 2558 λ.
1261 2529 1275 2569 ]
1295 2529 1374 2559 Haec
1386 2529 1481 2559 verba
1496 2527 1654 2557 continent

937 2573 1029 2611 λόγον,
1043 2575 1195 2612 speciosam
1217 2572 1389 2607 orationem,
1405 2581 1465 2610 qua
1487 2570 1651 2610 plurimum

939 2617 1082 2646 utebatur
1106 2615 1341 2656 Neoptolemus.
1366 2613 1443 2645 δεινὸν
1470 2618 1570 2643 autem
1593 2622 1651 2641 non

939 2661 1061 2696 mirum,
1076 2664 1109 2689 ut
1125 2661 1229 2689 Doun.
1243 2657 1391 2694 reddidit,
1407 2658 1462 2687 sed
1477 2665 1579 2703 grate,
1595 2655 1653 2684 ini-

941 2713 1043 2753 quum,
1060 2708 1116 2732 est.
1141 2703 1249 2733 BECR.
1293 2702 1353 2732 Οὐκ
1369 2699 1488 2730 ἀνεκτόν.
1514 2697 1636 2727 Riimo.

983 2743 1120 2783 Ἐγιιοιλεῗ
1133 2763 1174 2768 -—-
1190 2748 1245 2780 τὰς
1270 2744 1408 2784 εὐπορίας]
1443 2743 1490 2771 De
1514 2740 1567 2768 illo
1590 2739 1653 2769 vid.

945 2789 1032 2828 Lept.
1048 2791 1123 2824 468,
1138 2791 1190 2819 21.
1207 2789 1257 2818 ed.
1275 2789 1312 2817 R.
1329 2787 1485 2826 τίέχοντες
1503 2779 1653 2819 ἐγκαλέ-

944 2843 1008 2861 σαι
1024 2831 1072 2861 και
1091 2829 1124 2861 τί
1142 2830 1346 2871 μεμφόμενοι·
1370 2828 1500 2857 Videtur
1516 2824 1653 2854 consulto

944 2874 1055 2914 plurali
1068 2874 1194 2914 εὐπορίας
1209 2884 1283 2904 usus
1300 2868 1653 2906 fuisse,ut1psumNe0-

944 2918 1110 2956 ptolemum
1140 2918 1205 2948 haeo
1233 2914 1320 2955 quasi
1353 2913 1505 2943 dicentem
1528 2911 1653 2939 faceret.

945 2962 1049 2991 IDEM.
