1824 3171
465 162 538 202 AD
567 161 725 202 SUUM
754 158 1044 202 DEMOSTH.
1074 159 1359 199 PRAEFATT.
1574 163 1630 202 lix

187 266 276 316 χίας
302 264 599 317 μικροψνχοτέρῳ
626 269 688 302 τοῦ
709 264 851 308 δέοντος
871 268 1108 316 γεγενημένῳ
1127 277 1228 315 pene
1248 264 1362 302 etiam
1387 266 1626 305 necessariae.

187 325 357 363 Tametsi
374 324 474 362 enim
491 338 567 363 non
585 339 720 377 parum
744 339 892 372 vereor,
911 339 974 372 ne,
1000 326 1039 363 in
1066 326 1141 364 hac
1165 325 1396 371 valetudine,
1423 328 1627 376 praeclaras

185 386 268 425 illas
286 399 373 437 spes
393 394 614 437 exspectare
634 400 696 425 me
723 387 803 425 fata
830 401 907 425 non
937 387 1141 438 patiantur,
1174 394 1302 424 tamen
1332 386 1483 424 interim
1517 402 1630 426 usura

184 446 257 482 frui
273 447 365 496 quid
379 447 513 485 vetat?
567 447 752 486 Delectat
771 448 886 486 etiam
906 449 1106 498 augurium
1123 447 1287 485 hominis
1306 460 1383 484 non
1403 447 1517 485 modo
1537 448 1628 485 ami-

183 507 336 554 cissimi,
353 509 423 546 sed
446 508 652 547 doctissimi
679 509 803 555 etiam,
831 516 871 547 et
889 509 1005 560 longo
1023 509 1227 546 multarum
1246 521 1372 545 rerum
1396 521 1467 545 usu
1486 509 1629 546 exerci—

181 568 266 606 tati.
320 571 448 611 Quare
462 569 575 607 facile
593 570 727 621 patior,
744 578 783 608 te
798 570 1017 620 prospicere
1036 569 1191 620 aliquid,
1209 568 1312 619 quod
1328 581 1389 606 me
1408 575 1625 619 praetereat.

181 628 283 667 Illud
297 643 449 680 quoque
476 630 606 668 nescio
625 631 717 680 quid
742 631 833 668 boni
859 631 993 669 ominis
1020 631 1162 668 habere
1191 630 1354 674 videtur,
1372 629 1477 680 quod
1503 630 1624 666 literae

180 695 256 727 tam
282 690 382 728 laetae
403 690 532 729 Idibus
553 692 735 741 Augusti,
756 691 872 729 natali
901 704 1002 736 meo,
1030 693 1133 742 (nam
1154 703 1199 728 eo
1218 690 1300 741 ipso
1321 690 1384 727 die
1404 693 1467 728 34.
1497 689 1625 727 aetatis

181 763 323 788 annum
344 751 546 802 complevi)
569 751 668 789 datae
688 759 789 790 sunt.
847 752 962 794 Quod
982 758 1107 789 autem
1126 764 1187 789 me
1206 750 1411 795 hominem,
1427 749 1546 787 literis
1563 750 1627 787 vix

177 811 423 850 mediocriter
451 812 651 858 imbutum,
673 807 771 851 inter
791 812 1031 850 doctissimos
1059 825 1250 857 numeraS,
1272 824 1319 849 eo
1347 811 1433 862 plus
1453 810 1626 848 humani-

181 873 251 911 tati
269 881 343 911 tuae
363 874 500 919 debeo,
521 888 597 924 quo
615 874 737 912 minus
765 874 848 912 istae
875 873 1070 925 praeclarae
1090 873 1201 911 dotes
1229 873 1269 910 in
1293 885 1353 910 me
1373 872 1626 923 reperiuntur.

181 934 226 972 In
246 935 509 973 Demosthene
529 943 657 973 autem
676 934 842 986 legendo
861 935 977 973 nolim
997 935 1177 986 equidem
1198 942 1237 972 te
1255 935 1375 972 bonas
1394 934 1506 971 horas
1525 933 1625 970 male

180 996 352 1046 perdere.
407 997 503 1039 Quis
534 996 634 1034 enim
666 1004 723 1034 est
752 996 883 1047 graecis
914 996 1031 1033 literis
1060 996 1243 1042 eruditus,
1274 1008 1367 1046 quas
1394 1002 1436 1032 tu
1455 1001 1543 1032 ante
1562 1006 1626 1032 me

180 1063 311 1094 natum
326 1057 460 1108 opinor
479 1057 730 1108 perdidicisti‚
752 1058 814 1095 cui
831 1070 911 1095 non
930 1070 1060 1095 omnes
1081 1057 1248 1095 omnium
1269 1056 1530 1094 conversiones
1550 1068 1628 1093 sor-

180 1118 328 1156 deant?
383 1118 471 1168 Ego
499 1131 602 1163 sane,
628 1118 692 1168 qui
717 1131 778 1155 me
797 1125 889 1168 puto
921 1131 998 1155 non
1027 1118 1196 1156 omnium
1216 1130 1301 1155 esse
1319 1117 1380 1154 vel
1401 1116 1626 1154 delicatissi-

179 1190 296 1224 mum,
316 1179 377 1217 vel
399 1178 708 1223 morosissimum,
738 1179 904 1229 ingenue
931 1178 1069 1224 fateor,
1098 1178 1290 1216 neminem
1323 1177 1464 1223 adhuc,
1495 1190 1626 1215 eorum

179 1239 292 1277 etiam
319 1240 582 1292 interpretum,
602 1239 664 1291 qui
681 1253 722 1278 se
741 1253 942 1290 germanos
963 1239 1171 1279 Cicerones
1191 1251 1274 1277 esse
1293 1244 1442 1289 putant,
1463 1237 1504 1274 id
1524 1250 1546 1275 a
1565 1250 1627 1276 me

177 1299 382 1352 impetrare
414 1302 593 1353 potuisse,
623 1309 678 1347 ut,
706 1301 857 1340 tametsi
886 1301 1055 1339 omnium
1084 1301 1314 1338 Graecorum
1346 1299 1489 1349 scripta
1519 1298 1627 1336 nobis

179 1363 329 1409 eodem,
348 1370 414 1400 aut
433 1363 549 1401 etiam
568 1363 725 1401 meliore
746 1375 888 1413 genere
920 1362 1098 1400 oratIOnis
1117 1362 1380 1412 loquerentur,
1397 1373 1536 1410 graecae
1555 1359 1627 1396 lin-

177 1436 264 1473 guae
295 1424 549 1475 cognitionem
578 1424 851 1474 supervacanei
875 1423 1014 1461 laboris
1045 1435 1127 1460 esse
1154 1422 1383 1472 judicarem.
1439 1420 1503 1457 De
1532 1419 1627 1459 meis

178 1492 307 1522 autem
326 1486 703 1536 interpretationibus
722 1485 813 1536 quid
833 1498 906 1535 ego
927 1484 1101 1530 sentiam,
1128 1483 1166 1520 in
1190 1482 1480 1534 praefationibus
1507 1489 1625 1520 testa-

178 1552 238 1583 tus
260 1559 356 1585 sum.
411 1547 547 1598 Itaque
567 1547 598 1584 si
618 1547 840 1598 praeclaram
861 1546 970 1584 istam
990 1546 1039 1583 de
1059 1558 1120 1582 me
1140 1544 1357 1596 opinionem
1377 1543 1539 1582 retinere
1559 1557 1626 1581 cu-

179 1606 251 1659 pis,
272 1621 348 1646 una
366 1609 440 1646 hac
468 1608 616 1646 ratione
635 1608 675 1645 id
690 1607 914 1658 assequeris,
932 1607 964 1644 si
982 1620 1059 1644 non
1078 1606 1234 1656 legeris,
1273 1605 1430 1643 Minuet
1449 1605 1563 1655 enim,
1582 1611 1626 1643 ut

177 1668 242 1705 ille
262 1669 326 1716 ait,
355 1669 561 1720 praesentia.
587 1668 742 1707 famam.
758 1671 883 1706 πολλὰ
911 1670 983 1719 γὰρ
1013 1669 1073 1704 καὶ
1098 1674 1170 1705 τῶν
1185 1668 1372 1718 ἐμμέτρων
1399 1666 1624 1717 ποιημάτων,

179 1731 236 1765 καὶ
255 1736 325 1767 τῶν
345 1729 605 1778 καταλογάδην
632 1732 948 1780 συγγραμμάτων,
975 1727 1029 1766 ἔτι
1057 1729 1126 1779 μὲν
1153 1729 1193 1765 ἐν
1212 1733 1295 1770 ταῖς
1325 1727 1506 1770 διανοίαις
1533 1728 1626 1765 ὄντα,

179 1797 252 1829 τῶν
273 1793 523 1837 συντιθέντων,
538 1794 713 1841 μεγάλας
733 1793 798 1833 τὰς
816 1789 1037 1839 προσδοκίας
1066 1790 1264 1840 παρέσχεν·
1284 1789 1558 1827 ἐπιτελεσθέντα
1575 1788 1627 1834 δὲ,

178 1854 236 1895 καὶ
255 1858 331 1895 τοῖς
351 1854 481 1895 ἄλλοις
507 1851 777 1905 ὑποδειχθέντα
805 1850 899 1889 πολὺ
926 1850 1208 1899 καταδεεστέραν
1227 1852 1292 1895 τὴν
1313 1849 1419 1894 δόξαν
1438 1857 1503 1894 τῆς
1522 1849 1625 1886 ἐλπί-

178 1913 239 1956 δος
262 1913 415 1961 ἔλαβεν.
473 1913 552 1951 Sed
577 1913 626 1951 de
654 1913 728 1951 hoc
757 1926 827 1964 pro
856 1912 1025 1951 candore
1048 1918 1116 1949 tuo
1136 1919 1175 1949 et
1193 1910 1430 1948 humanitate
1459 1917 1626 1948 statues:

178 1988 304 2025 neque
324 1988 389 2013 eos
408 1975 623 2020 imitaberis,
644 1975 708 2024 qui
726 1973 927 2012 cavillandi
945 1973 1020 2011 mei
1036 1972 1297 2023 frigidissimas
1327 1978 1481 2022 captant
1509 1985 1625 2009 occa-

180 2035 318 2080 siones,
348 2036 507 2086 ipsaque
536 2036 806 2073 malevolentia
831 2038 1002 2084 jejunas:
1030 2034 1108 2084 qui,
1128 2034 1234 2083 quod
1254 2046 1294 2071 se
1314 2033 1442 2070 facere
1463 2033 1625 2070 fortasse

179 2104 328 2148 putant,
349 2110 422 2134 nec
441 2097 705 2134 existimationi
725 2110 804 2134 suae
824 2096 1080 2141 commodant,
1100 2107 1172 2132 nec
1191 2106 1287 2131 meae
1310 2100 1464 2130 nocent.
1521 2093 1626 2135 Quid

180 2158 310 2195 enim?
340 2171 465 2196 nonne
494 2158 581 2195 loca
612 2158 800 2208 permulta
829 2162 917 2194 sunt
946 2154 1235 2200 Demosthenis,
1266 2154 1402 2204 partim
1434 2160 1624 2204 corrupta,

179 2218 317 2269 partim
341 2232 409 2269 per
438 2231 479 2256 se
509 2218 563 2256 ita
591 2219 768 2262 obscura,
797 2224 840 2254 ut
867 2223 994 2254 vatem
1024 2223 1202 2266 oporteat
1230 2228 1314 2253 esse
1342 2214 1622 2266 interpretem?

180 2280 295 2321 Quod
323 2279 353 2317 si
372 2279 424 2316 ilii
443 2279 526 2325 sibi,
547 2292 660 2330 quam
688 2278 792 2324 mihi,
822 2277 927 2315 credi
956 2277 1116 2322 malunt,
1147 2289 1223 2313 non
1249 2275 1402 2314 invideo
1430 2276 1623 2327 equidem,

178 2339 247 2377 sed
267 2347 395 2377 tamen
415 2339 655 2390 grammatici
675 2345 836 2386 certant,
857 2347 897 2378 et
916 2339 1044 2377 adhuc
1064 2339 1134 2376 sub
1149 2338 1279 2388 judice
1298 2338 1343 2376 lis
1359 2346 1430 2376 est.
1485 2338 1626 2390 Neque
1658 2380 1661 2382 ,

178 2415 269 2439 vero
289 2401 441 2439 difficile
469 2409 527 2439 est
547 2408 619 2439 τῶν
639 2401 903 2440 διδασκαλικῶν
933 2399 1170 2449 ἐπιβεβηκότι
1203 2399 1358 2449 θρόνων,
1379 2402 1437 2438 καὶ
1455 2401 1624 2447 ἐξουσίαν

179 2464 238 2500 καὶ
257 2462 362 2508 δόξαν
381 2464 519 2515 ἔχοντι,
538 2463 576 2499 ἐκ
594 2469 657 2500 τοῦ
685 2467 906 2514 μονομεροῦς
934 2464 1201 2504 ἀναντιλέκτως
1229 2462 1349 2513 ὥσπερ
1367 2462 1505 2512 ἐρήμην
1523 2462 1624 2505 τινὸς

180 2525 433 2563 καταδικάσαι.
489 2525 555 2572 Et,
589 2533 635 2566 ut,
668 2525 706 2562 in
741 2532 848 2563 tanto
887 2537 1005 2575 opere
1041 2523 1131 2561 mihi
1159 2537 1315 2562 somnus
1349 2523 1490 2561 alicubi
1518 2525 1626 2562 obre-

179 2586 308 2637 pserit,
342 2586 434 2637 quid
465 2593 546 2623 tum
574 2586 744 2637 postea?
800 2586 1022 2637 Aliquando
1053 2586 1177 2624 bonus
1206 2585 1386 2623 dormitat
1415 2586 1625 2623 Homerus.

181 2647 442 2684 Humanitatis
471 2655 578 2685 certe
600 2648 754 2698 quidem
782 2648 910 2694 fuerit,
941 2660 1085 2698 paucos
1113 2647 1191 2685 sive
1221 2648 1364 2698 lapsus,
1387 2646 1464 2685 sive
1485 2649 1625 2695 ἀγνοή-

180 2724 293 2756 ματα,
325 2708 360 2745 ei
380 2708 611 2755 condonare,
631 2708 694 2759 qui
712 2708 753 2745 id
771 2708 940 2754 tentarit,
969 2708 1068 2745 absit
1086 2707 1227 2745 invidia
1246 2708 1360 2753 dicto,
1381 2707 1485 2759 quod
1511 2720 1624 2745 nemo

180 2768 365 2806 hactenus
393 2776 573 2819 praestare
602 2776 669 2806 aut
697 2769 830 2819 voluit,
863 2776 929 2807 aut
946 2768 1084 2820 potuit,
1113 2769 1176 2819 qui
1203 2769 1393 2819 permulta
1420 2769 1627 2819 depravata

184 2830 407 2875 correxerit,
428 2830 606 2880 ambigua
625 2830 849 2876 distinxerit,
877 2831 1043 2869 obscura
1064 2830 1273 2869 illustrarit.
1328 2828 1626 2881 Typographica

181 2902 272 2926 vero
291 2898 427 2936 errata,
446 2905 532 2942 quae
553 2890 739 2929 neminem
757 2891 839 2930 fere
857 2898 1045 2931 attentum
1060 2891 1209 2938 fallunt,
1230 2890 1405 2942 scriptori
1425 2891 1622 2941 imputare,
