1824 3171
569 179 649 218 AD
681 178 1149 217 DEMOSTHENEM.
1478 182 1590 219 clxxv

128 286 348 331 rusticante,
381 292 421 322 e't
448 282 553 320 libris
580 281 780 320 destituto.
810 281 1024 333 pleraeque,
1047 282 1079 319 si
1107 282 1206 320 bene
1227 281 1395 328 memini,
1416 282 1454 319 in
1479 290 1591 321 oratt.

128 362 197 401 pro
226 359 369 386 corona
388 354 428 383 et
447 345 495 382 de
515 343 612 382 falsa
640 344 761 394 legat.
789 351 1004 382 versantur.
1034 343 1167 382 multae
1195 351 1287 382 sunt
1313 351 1447 394 aperte
1467 345 1590 390 falsae,

128 418 396 460 testanturque
417 408 697 446 Marklandum
716 408 754 445 in
774 408 1044 446 Demosthene
1064 407 1184 446 fuisse
1203 407 1411 459 hospitem.
1434 408 1593 445 tricatnr

128 474 167 511 in
195 471 447 511 commatibus
477 477 516 509 et
544 470 698 522 punctis
729 478 836 508 recte
866 471 1161 510 constituendis.
1185 484 1270 522 quae
1297 483 1359 508 res
1379 470 1494 507 laude
1514 484 1592 507 non

128 540 248 579 caret,
269 545 410 583 magna
429 539 561 570 tamen
588 538 627 570 et
646 532 834 583 praeclara
859 532 989 584 palma
1007 533 1184 584 profecto
1213 545 1291 570 non
1317 538 1389 569 est.
1447 531 1593 581 Taylo-

127 607 231 632 ranae
260 601 362 632 notae
389 601 479 632 sunt
506 594 621 632 bonae
640 593 764 644 frugis
793 593 934 645 plenae.
993 594 1073 633 Sed
1093 601 1253 646 apparet
1278 606 1367 631 eum
1394 592 1592 630 meliorem

126 668 212 694 esse
236 655 333 706 juris
363 655 487 694 Attici
515 655 780 707 interpretem,
801 656 840 693 in
861 669 937 707 quo
964 664 1119 707 regnat,
1145 668 1261 707 quam
1295 655 1488 701 criticum,
1524 668 1593 693 seu

126 716 431 756 emendatorem.
453 730 530 768 quo
550 717 590 755 in
609 729 755 768 genere
783 730 917 768 parum
937 718 1054 764 valet,
1076 725 1116 756 et
1144 729 1258 768 paene
1289 717 1595 754 contemnendus

127 786 199 817 est.
256 779 371 818 Notae
400 779 541 830 cuique
571 779 732 817 orationi
757 779 883 817 statim
907 781 1110 829 subjectae,
1133 779 1335 817 ordiuntur
1364 779 1412 816 ab
1445 791 1596 816 enarra-

125 841 231 879 tione
251 849 567 893 argumentorum
592 840 750 892 singulis
769 841 984 893 quibusque
1005 842 1241 880 orationibus
1268 847 1534 886 tractatorum,
1558 846 1596 878 et

127 903 177 941 ab
205 904 458 955 indagatione
481 903 678 955 temporis,
705 917 781 955 quo
802 905 926 943 oratio
944 918 1108 956 quaeque
1129 904 1262 942 habita
1285 910 1355 941 est.
1414 903 1494 940 Sed
1517 903 1597 954 ple-

127 979 259 1017 raeque
276 974 558 1005 consumuntur
577 966 615 1004 in
632 967 875 1018 expositione
895 966 1110 1005 lectionum
1126 965 1369 1005 variantium.
1406 965 1488 1003 Nos
1503 979 1595 1003 vero

128 1028 319 1067 variantes
346 1030 395 1068 ab
416 1029 728 1068 annotationibus
754 1029 894 1067 nostris
923 1029 1198 1081 separavimus,
1220 1035 1259 1066 et
1282 1027 1472 1079 peculiari
1500 1027 1597 1065 libro

127 1090 403 1130 conclusimus.
459 1091 587 1128 Miror
615 1090 748 1141 itaque
768 1091 832 1141 qui
852 1090 932 1137 fiat,
954 1098 996 1129 ut
1016 1091 1161 1143 Taylor
1181 1089 1372 1128 interdum
1392 1102 1464 1127 nos
1483 1090 1533 1127 ad
1553 1090 1598 1127 li-

127 1152 239 1190 brum
255 1152 481 1191 variantium
501 1152 671 1203 ableget.
696 1158 736 1190 ut
753 1152 848 1190 fecit
867 1166 906 1203 p.
930 1156 1019 1198 143,
1040 1155 1107 1191 24.
1127 1154 1220 1197 588,
1242 1155 1308 1189 33.

182 1213 358 1252 Gratiam
378 1214 510 1265 utique
527 1225 706 1264 magnam
727 1213 763 1252 ei
783 1213 982 1252 debemus.
1003 1214 1168 1252 multum
1193 1211 1369 1264 profecit,
1390 1211 1534 1249 bonum
1556 1220 1597 1250 et

127 1273 281 1313 firmum
303 1276 399 1324 jecit
430 1271 742 1322 fundamentum,
777 1275 839 1314 cui
874 1283 963 1327 post
987 1275 1187 1314 venientes
1216 1281 1496 1325 superstruant.
1555 1274 1597 1311 Si

127 1336 253 1375 minus
271 1337 489 1389 perfectum
514 1337 605 1389 quid
631 1338 754 1385 dedit,
786 1338 919 1389 ecquis
946 1351 1044 1377 unus
1077 1338 1247 1377 omnium
1276 1338 1352 1375 hoc
1381 1337 1421 1374 in
1452 1350 1597 1387 genere

127 1397 344 1449 perfectum
366 1399 460 1451 quid
480 1400 618 1438 enixus
639 1401 731 1438 est?
761 1400 874 1438 Viam
903 1400 1144 1439 monstravit.
1202 1400 1295 1437 Hoc
1314 1399 1403 1437 satis
1437 1398 1486 1436 ad
1515 1413 1598 1437 ma-

128 1473 244 1511 gnam
257 1462 511 1513 stabilemque
532 1462 709 1513 gloriam.
739 1462 828 1513 Ego
847 1462 942 1514 ipse,
959 1474 1190 1514 quamquam
1206 1461 1342 1507 multo,
1361 1473 1476 1512 quam
1493 1461 1597 1512 Tay-

127 1522 199 1568 lor,
215 1524 390 1574 processi
401 1524 568 1576 longius,
587 1525 732 1576 optime
753 1531 883 1562 tamen
899 1524 1000 1570 novi,
1018 1538 1133 1576 quam
1149 1524 1313 1562 multum
1326 1523 1451 1574 operis
1467 1523 1598 1561 affecti

127 1583 350 1636 reliquerim
380 1585 463 1623 aliis
482 1585 778 1636 perficiendum.
805 1599 881 1623 una
905 1586 1107 1624 hominum
1137 1593 1230 1624 aetas
1260 1592 1379 1624 tantae
1405 1585 1461 1622 rei
1490 1599 1598 1636 pera-

128 1646 269 1696 gendae
288 1646 393 1684 haud
415 1645 566 1686 sufficit.
622 1647 755 1684 Dictio
777 1647 935 1699 Taylori
959 1647 1080 1686 latina
1109 1647 1213 1686 haud
1241 1648 1386 1699 placet.
1414 1648 1596 1696 obscura,

129 1707 321 1754 affectata,
347 1708 482 1759 putida
502 1715 574 1747 est.
633 1709 713 1746 Sed
732 1721 875 1759 paucos
901 1709 989 1747 novi
1009 1709 1171 1760 Anglos,
1203 1709 1267 1760 qui
1290 1709 1409 1747 latine
1428 1710 1599 1748 scribere

129 1768 364 1808 didicissent.
419 1769 573 1808 Latinae
595 1769 737 1821 linguae
753 1770 957 1821 neglectus
976 1770 1029 1808 illi
1051 1772 1159 1822 genti
1180 1771 1396 1810 communis
1417 1778 1489 1810 est.
1547 1772 1600 1809 Et

129 1826 261 1869 tamen
291 1831 449 1883 Taylor,
476 1831 507 1870 si
538 1832 590 1870 ad
615 1832 710 1870 alios
733 1833 886 1883 Anglos
916 1840 1127 1884 spectetur,
1157 1834 1284 1872 adhuc
1316 1834 1418 1871 bene
1450 1833 1599 1872 scribit.

130 1892 276 1930 Melius
296 1892 325 1930 si
346 1893 484 1931 scisset
502 1894 636 1939 latine,
653 1907 758 1945 saepe
778 1907 856 1932 non
874 1894 1133 1946 vituperasset
1149 1895 1355 1940 Wolfium3
1380 1907 1494 1945 quem
1511 1895 1599 1934 ideo

127 1954 368 1992 solummodo
401 1967 578 2006 persaepe
610 1956 864 1994 vehementer
903 1958 1093 2008 exagitat,
1130 1957 1233 2008 quod
1270 1957 1430 1994 latinam
1467 1957 1600 1995 Wolfii

131 2015 355 2063 dictionem,
375 2016 425 2065 (si
445 2016 577 2055 Wolfii
607 2025 677 2064 est,
699 2031 826 2068 neque
852 2019 980 2070 potius
1011 2019 1225 2057 Sebastiani
1249 2019 1494 2065 Castalionis,
1517 2027 1557 2057 at
1577 2033 1600 2057 ο

130 2076 263 2126 quanti
282 2076 350 2114 viri
369 2076 407 2115 in
430 2077 581 2126 judicio
600 2078 814 2129 latinitatis)
835 2081 977 2118 bonam
998 2088 1038 2119 et
1057 2081 1251 2132 propriam
1268 2081 1351 2132 ipse
1372 2094 1447 2118 non
1467 2081 1603 2118 intelli-

131 2145 256 2188 geret.
314 2139 584 2190 Reprehendit
602 2154 689 2191 quae
707 2141 903 2180 laudanda
923 2143 1040 2181 etiam
1061 2150 1200 2190 essent,
1223 2150 1262 2182 et
1278 2156 1420 2195 gnarus
1440 2144 1600 2195 quisque

130 2201 246 2238 bonae
264 2201 462 2241 latinitatis
485 2203 694 2242 admiratus
715 2211 829 2243 esset.
888 2205 933 2242 In
961 2205 1250 2257 antiquitatibus
1271 2207 1520 2244 enucleandis
1543 2215 1602 2245 est

131 2262 288 2301 nimium
308 2264 482 2315 sedulus,
505 2265 607 2304 ultra
634 2266 792 2304 modum
815 2266 1006 2317 copiosus,
1032 2268 1160 2306 aliena
1188 2274 1227 2306 et
1254 2268 1416 2319 protrita
1443 2268 1601 2319 ingerit,

131 2337 209 2361 non
229 2324 311 2363 sine
330 2326 555 2374 jactatione.
612 2327 702 2365 Non
718 2327 809 2365 satis
831 2328 934 2365 trivit
953 2329 1229 2379 grammaticos
1246 2335 1285 2369 et
1305 2329 1520 2369 rhetoricos
1541 2345 1604 2369 ve-

131 2392 236 2424 teres
266 2386 573 2426 Demosthenem
599 2388 818 2440 quibusque
849 2390 1001 2441 paginis
1030 2390 1248 2429 laudantes.
1305 2391 1398 2429 Non
1427 2391 1518 2429 satis
1548 2393 1603 2430 in-

130 2454 300 2486 structus
316 2456 399 2488 erat
414 2450 533 2501 copiis
552 2450 767 2488 lexicorum
787 2451 1084 2490 rhetoricorum.
1141 2454 1241 2495 Quae
1261 2466 1349 2491 cum
1369 2453 1407 2490 in
1430 2453 1601 2505 Tayloro

131 2519 238 2558 noto,
264 2512 367 2551 bene
388 2513 545 2551 memini
564 2513 702 2551 eadem
723 2526 835 2564 peene
855 2513 947 2550 mihi
973 2514 1201 2565 exprobrari
1221 2527 1347 2565 posse.
1403 2514 1491 2565 Ego
1509 2529 1603 2553 vero

132 2586 261 2625 neque
279 2574 496 2626 perfectum
516 2574 610 2626 quid
628 2570 814 2627 pro'fiteor
839 2575 1111 2627 praestiturum,
1139 2583 1177 2615 et
1197 2575 1387 2622 festinavi,
1410 2584 1450 2614 et
1478 2590 1502 2614 a
1528 2577 1603 2615 for-

132 2642 235 2672 tunae
255 2637 440 2687 praesidiis
465 2636 673 2674 derelictus
694 2648 791 2682 sum,
813 2644 853 2674 et
879 2637 954 2675 alia
982 2638 1123 2685 habeo,
1145 2651 1233 2689 quae
1260 2650 1459 2677 excusem.
1519 2639 1601 2677 Sed

137 2710 267 2747 pergo.
313 2698 493 2750 Persaepe
526 2698 608 2736 sine
637 2710 754 2736 causa
781 2699 926 2737 bonum
946 2699 1133 2737 Wolfium
1164 2700 1310 2751 Taylor
1329 2700 1442 2745 ridet,
1474 2709 1603 2747 vexat,

139 2759 326 2809 exagitat,
347 2760 540 2811 objurgat,
561 2761 668 2811 quod
689 2761 887 2812 diligentia
906 2761 1163 2813 paedagogica
1183 2762 1343 2800 oratoris
1363 2763 1468 2800 locos
1488 2777 1601 2813 quos-

139 2819 227 2856 dam
245 2821 469 2867 enuclear-it,
488 2821 595 2859 velut
613 2821 778 2861 nutrices
799 2823 926 2873 pueris
945 2823 1074 2860 omnia
1093 2823 1251 2861 minima
1267 2836 1399 2861 mansa
1424 2823 1462 2860 in
1483 2836 1525 2861 os
1545 2824 1603 2861 in-

139 2887 288 2930 gerunt.
309 2881 387 2920 Sed
406 2896 454 2920 ea
473 2883 674 2934 diligentia
692 2884 796 2921 utilis
817 2890 856 2922 et
875 2885 1166 2936 pernecessaria
1183 2893 1254 2932 est,
1270 2893 1309 2923 et
1325 2886 1409 2936 plus
1426 2886 1600 2935 prodest,

137 2954 253 2993 quam
270 2943 516 2995 supercilium
535 2945 793 2998 aliorum,'qui
812 2946 904 2986 dum
923 2946 1137 2999 elegantias
1152 2947 1282 2986 nescio
1300 2959 1393 2998 quas
1409 2946 1603 2986 abstrusas
