1824 3171
120 97 208 133 ¹xxvi
475 98 705 137 IOANNIS
737 99 1015 136 HERVAGII
1047 99 1212 136 PRAEF.

123 202 213 232 πᾶσι
234 206 384 242 ποιῆσαι
405 201 611 250 καταφανὲς
640 209 704 246 τῆς
732 217 767 238 τε
796 210 862 246 σῆς
892 200 1173 252 καλοκαγαθίας
1193 200 1232 237 τι)
1252 197 1429 250 μέγεθος,
1450 199 1500 234 ἔτι
1521 198 1559 234 δὲ

124 259 181 293 καὶ
199 265 260 294 τοῦ
280 257 437 306 βιβλίου
455 263 607 305 τουτουὶ,
627 263 683 298 καὶ
699 268 771 298 τῶν
800 263 925 298 ἄλλων
944 268 1014 298 τῶν
1034 260 1346 310 ἑκὲοὲησομὲνων,
1366 263 1464 311 εἴπερ
1484 262 1557 309 ἄρα

123 334 154 354 τι
176 321 359 368 περιέσται
380 326 453 363 τοῖς
484 325 581 364 νέοις
607 322 752 374 ὄφελος,
773 327 831 360 σοι’
852 338 894 370 γε
914 323 1058 364 πάντως
1087 324 1153 366 τὴν
1174 323 1256 371 περὶ
1278 321 1403 358 τούτου
1422 323 1558 371 προσῆ-

123 394 194 416 κειν
213 380 337 430 χάριν,
359 384 406 432 τῷ
425 383 524 432 μόνῳ
543 383 583 420 τὸ
604 383 717 420 καλὸν
742 391 848 420 τοῦτο
866 385 922 419 καὶ
943 382 1123 432 ἔπωφελὲς
1150 380 1260 432 ἔργον
1288 382 1557 432 ἑνστησαμένῳ.

119 439 172 477 ὄτι
191 443 261 491 μὲν
280 440 344 478 οὖν
363 445 420 479 καὶ
439 449 516 485 τοῖς
545 450 722 494 παροῦσιν
749 445 969 490 ἀγαπήσεις,
991 444 1048 478 καὶ
1066 444 1182 492 μόνης
1200 444 1298 491 ἡμᾶς
1320 442 1474 496 ἅποὲέξῃ
1493 452 1558 487 τῆς

120 504 337 552 προθυμίας,
353 519 390 540 ευ
409 502 503 549 oica,
529 507 626 552 ε’ἰπερ
648 506 721 552 ἐγὼ
748 503 788 541 τὸ
815 505 1015 554 φιλόσοφον
1043 507 1104 539 τοῦ
1133 504 1265 551 τρόπου
1292 504 1349 538 καὶ
1377 503 1416 539 τὸ
1439 517 1557 552 μεγα-

120 564 255 613 λοφρον
270 566 332 600 οὐκ
351 566 474 611 ἀγνοῶ
494 566 533 601 τὸ
554 567 634 602 σόν.
653 565 725 612 ἐγὼ
746 564 784 602 δὲ
806 564 1022 614 πειράσομαι
1040 564 1112 612 μὲι
1131 564 1187 598 ἀεὶ
1206 565 1318 611 τιμᾷν
1339 578 1378 600 σε
1407 578 1557 606 τουτοις,

121 628 176 665 οἱς
202 624 374 698 τυγχάνω
402 625 614 674 δυνάμενος,
641 627 669 661 εἶ
693 625 721 661 ὃ
748 627 830 676 οὐχ,
862 628 910 667 ὡς
935 633 1123 673 προσῆκεν,
1145 622 1227 660 οὐδὲ
1247 638 1339 660 κατα
1361 626 1427 669 τὴν
1449 624 1557 668 ἀξίαν

118 686 184 728 τὴν
213 688 294 730 σὴν,
323 688 362 722 τό
391 701 432 733 γε
461 689 510 735 μὴ
536 686 775 724 παντάπασιν
807 687 1019 737 α’χαριστως
1049 686 1147 736 ἔχειν
1177 693 1241 729 τῆς
1271 690 1420 735 γιώμης
1439 690 1557 722 πᾶσιν

118 742 218 793 οἶμαι
238 746 393 796 φανερὸν
415 751 667 791 καταστήσειν.
724 747 871 796 ἕῤῥωσο.

438 859 765 908 IOANNES
808 858 1238 908 HERVAGIUS

354 973 656 1010 GRAECARCM
684 975 1028 1011 LITTERARUM
1053 974 1312 1008 s'l'L'DIOSIS

765 1067 796 1090 s.
827 1067 866 1090 D.

170 1122 430 1162 QUANQUAM
455 1137 513 1160 res
534 1124 612 1174 ipsa
629 1123 764 1161 docere
785 1130 946 1174 poterat,
963 1130 1143 1172 quantum
1160 1123 1242 1160 haee
1263 1129 1390 1160 nostra
1410 1122 1554 1160 Demo-

120 1181 262 1219 sthenis
290 1182 516 1221 Orationum
565 1185 695 1229 editio,
741 1184 893 1234 reliquis
940 1183 1123 1228 omnibus,
1153 1197 1239 1233 quae
1279 1183 1406 1221 adhuc
1445 1183 1557 1220 editae

114 1249 216 1295 sunt,
245 1245 481 1282 emendatior
508 1246 582 1283 sit:
615 1246 728 1283 nostri
759 1254 886 1283 tamen
916 1245 1081 1281 muneris
1102 1251 1171 1289 est,
1192 1245 1312 1289 vobis,
1332 1258 1354 1281 o
1383 1243 1552 1288 studiosi,

113 1302 296 1349 indicare,
327 1306 518 1343 undenam
551 1307 784 1357 exemplaria
812 1314 889 1344 tam
919 1305 1121 1343 emendata
1148 1306 1416 1343 habuerimus:
1446 1318 1493 1342 ne
1515 1312 1554 1342 et

113 1364 166 1401 illi
185 1366 320 1402 merita
338 1367 449 1404 laude
470 1381 622 1405 suorum
638 1369 809 1407 laborum
827 1367 1070 1405 fraudentur:
1091 1375 1129 1405 et
1149 1380 1227 1412 vos,
1248 1375 1439 1404 tantorum
1458 1367 1553 1404 viro-

114 1437 196 1461 rum
217 1427 430 1464 nominibus
451 1429 598 1474 auditis,
613 1442 735 1466 rarum
756 1429 898 1479 aliquid
911 1436 1026 1479 atque
1039 1428 1260 1478 praeclarum
1281 1428 1319 1464 in
1338 1435 1468 1465 nostra
1479 1428 1554 1466 hac

113 1487 281 1525 editione
301 1501 398 1532 esse,
421 1490 523 1526 nullo
544 1490 655 1527 modo
669 1491 864 1528 dubitetis.
908 1490 1040 1527 Solent
1055 1489 1154 1526 enim
1174 1502 1234 1526 res
1255 1502 1332 1526 non
1351 1502 1419 1526 sua
1437 1489 1552 1526 modo

111 1548 146 1584 vi
167 1556 206 1586 et
230 1557 377 1594 natura,
399 1551 467 1588 sed
488 1565 571 1588 curn
594 1552 705 1589 etiarn
727 1553 773 1589 ab
794 1551 964 1596 artificio,
978 1559 1058 1588 tum
1079 1551 1137 1588 vel
1150 1550 1313 1588 maxime
1333 1551 1380 1588 ab
1399 1550 1553 1588 artificis

112 1609 343 1648 excellentia
362 1618 400 1648 et
429 1612 578 1649 nomine
605 1612 762 1650 laudari.
820 1613 1060 1649 Mirabantur
1079 1618 1238 1656 veteres,
1264 1612 1293 1648 si
1319 1611 1403 1661 quis
1431 1612 1550 1662 Apel-

109 1669 155 1706 lis
175 1671 234 1707 vel
255 1671 439 1709 Zeuxidis
468 1673 633 1710 tabulam
653 1673 906 1711 ostendisset:
928 1681 966 1711 et
985 1686 1053 1710 nos
1075 1685 1240 1723 quoque,
1257 1673 1287 1710 si
1306 1673 1388 1722 quis
1409 1672 1551 1710 Dureri

112 1732 293 1780 germani,
320 1740 385 1770 aut
406 1733 546 1771 Titiani
579 1734 657 1772 itali
677 1734 865 1785 picturam
894 1741 1082 1785 proponat
1103 1748 1113 1771 ε
1142 1746 1217 1770 non
1237 1741 1314 1771 tam
1340 1746 1442 1784 saepe
1462 1733 1551 1770 arti-

110 1791 187 1829 ficii
202 1806 347 1842 caussa,
369 1807 481 1844 quam
502 1795 666 1833 artificis.
694 1809 769 1846 qua
799 1796 835 1832 in
865 1808 906 1833 re
935 1809 1011 1833 non
1043 1795 1205 1832 fallimur
1236 1794 1403 1832 omnino.
1461 1795 1551 1832 Per-

109 1855 236 1904 magni
256 1856 354 1892 enim
376 1857 508 1900 refert,
527 1870 639 1907 quem
660 1858 837 1908 quodque
858 1871 952 1908 opus
968 1865 1139 1894 autorem
1158 1870 1236 1906 prae
1256 1870 1295 1893 se
1312 1856 1427 1894 ferat:
1449 1856 1551 1907 quod

109 1916 157 1952 ab
177 1917 456 1955 excellentibus
485 1918 691 1955 artificibus
711 1932 785 1955 non
814 1919 883 1956 nisi
903 1919 1086 1969 praeclara
1116 1930 1231 1968 opera
1262 1917 1411 1955 soleant
1437 1918 1550 1968 profi-

107 1976 206 2014 cisci.
286 1978 350 2015 Sic
377 1979 442 2016 ille
470 1986 598 2029 pastor
627 1992 703 2016 non
734 1980 884 2030 ineptus
912 1979 1008 2030 apud
1029 1987 1199 2029 poetam,
1216 1978 1356 2029 pocula
1374 1979 1476 2029 quod
1496 1979 1552 2016 di-

106 2037 181 2074 vini
204 2039 486 2076 Alcimedontis
519 2053 636 2090 opera
656 2048 796 2085 essent,
819 2040 946 2091 magni
974 2040 1150 2077 facienda
1176 2047 1320 2077 censet.
1386 2039 1491 2082 Quid
1519 2040 1549 2078 si

106 2099 231 2136 omnia
249 2100 394 2151 reliqua
421 2101 615 2147 accedant,
633 2115 719 2153 qnae
736 2102 864 2140 valent
883 2102 932 2139 ad
953 2101 1114 2146 laudem,
1137 2108 1176 2139 et
1190 2101 1357 2138 materiae
1385 2101 1548 2148 bonitas,

107 2166 146 2197 et
163 2160 311 2197 artificii
339 2161 592 2211 pulchritudo,
615 2170 654 2200 et
673 2163 827 2200 artificis
856 2162 1086 2214 praestantia,
1118 2175 1244 2199 nonne
1273 2169 1352 2199 tum
1378 2162 1549 2213 perfecta

107 2228 145 2257 et
164 2228 424 2259 consummata
439 2222 520 2260 laus
541 2236 623 2260 esse
638 2223 837 2260 videatur?
892 2223 1150 2265 Quamobrem
1169 2235 1254 2260 cum
1274 2236 1341 2261 nos
1360 2224 1397 2260 in
1418 2232 1548 2263 nostro

106 2282 180 2319 hoc
197 2282 460 2320 Demosthene
482 2283 646 2328 edendo,
662 2284 822 2321 duorum
843 2283 1134 2322 clarissimorum
1154 2284 1328 2331 virorum,
1345 2285 1448 2323 Petri
1466 2286 1547 2322 Da-

105 2343 199 2380 nesii
220 2344 334 2386 Galli,
363 2352 402 2381 et
422 2344 614 2382 Vincentii
635 2345 816 2396 Obsopoei
837 2345 1030 2390 Germani,
1059 2346 1300 2396 exemplaria,
1332 2347 1547 2397 castigatio-

106 2418 249 2455 nesque
269 2406 391 2443 secuti
413 2406 629 2455 simus‚Jam
650 2407 870 2445 existimare
890 2407 1048 2451 debetis,
1069 2407 1217 2457 qualem
1239 2408 1344 2446 vobis
1365 2409 1546 2447 exhibea-

103 2479 185 2503 mus
216 2466 529 2512 Demosthenem,
559 2467 717 2505 nitidum
747 2476 863 2514 certe,
891 2476 931 2505 et
960 2468 1165 2505 innumeris
1195 2469 1383 2507 erroribus
1412 2483 1546 2521 repur-

104 2535 245 2577 gatum.
303 2527 438 2577 Neque
459 2528 558 2565 enim
589 2528 672 2566 ullis
702 2536 767 2566 aut
795 2530 995 2574 sumtibus,
1026 2536 1091 2566 aut
1120 2529 1312 2568 laboribus
1341 2531 1542 2581 parcimus,

100 2601 176 2637 quo
207 2588 310 2625 vobis
341 2595 488 2626 veteres
518 2589 602 2626 illos
634 2590 827 2641 utriusque
861 2591 999 2640 linguae
1032 2597 1185 2628 autores
1217 2592 1442 2630 clarissimos
1472 2605 1543 2630 suo

101 2650 258 2699 pristino
279 2650 389 2686 nitori
412 2651 607 2687 restitutos
628 2651 888 2689 exhibeamus.
948 2651 1110 2688 Habetis
1126 2651 1239 2702 igitur
1260 2653 1294 2689 in
1316 2653 1390 2691 hoc
1409 2661 1541 2691 autore

102 2711 229 2747 omnia
257 2711 331 2755 illa,
351 2724 436 2760 quae
457 2712 570 2748 modo
590 2712 639 2749 ad
660 2713 869 2762 perfectam
900 2713 1050 2750 laudem
1083 2713 1220 2763 requiri
1242 2713 1438 2751 dicebam:
1463 2715 1542 2751 De-

105 2773 339 2810 mosthcncin
356 2773 474 2823 ipsum
493 2773 667 2823 primum,
685 2781 724 2811 at
743 2774 805 2810 Dii
826 2774 928 2818 boni,
943 2784 1122 2825 quantum
1139 2775 1322 2813 artificem
1336 2776 1350 2811 '.⁷
1378 2776 1543 2825 qualem-

102 2848 147 2871 γε
177 2843 364 2873 oratorem
382 2837 395 2870 'f
425 2847 522 2881 eum,
543 2848 653 2886 quem
685 2837 945 2887 aspectabant,
968 2841 1072 2885 cujus
1102 2838 1150 2875 ob
1175 2850 1215 2875 os
1248 2836 1353 2875 Graii
1383 2850 1447 2875 ora
1475 2838 1540 2875 ob-
