1824 3171
216 164 373 204 clxxxiv
679 166 889 206 REISKII
921 165 1216 205 PRAEFATIO

221 272 420 311 Monachii
440 274 612 312 codicem
634 274 910 314 Demosthenis
934 276 1148 326 egregium,
1169 276 1279 325 cujus
1303 271 1450 323 copiam
1472 284 1534 310 me
1552 272 1665 311 facile

213 333 504 384 impretaturum
525 336 572 373 ab
595 335 770 382 Oeffelio‚
789 337 868 374 viro
886 337 1043 374 mirifice
1063 337 1230 373 humano
1252 342 1290 372 et
1311 335 1358 371 ad
1379 333 1663 371 communican-

214 394 306 432 dum
337 396 466 446 copias
493 396 690 442 literarias‚
719 397 854 447 quibus
885 398 1065 442 abundet,
1095 396 1210 434 facili.
1270 395 1407 445 Neque
1436 395 1574 432 fefellit
1601 407 1663 431 me

213 455 287 492 ista
307 469 408 505 spes.
463 455 574 494 Misit
594 457 692 494 enim
714 458 765 495 ad
784 471 846 495 me
867 457 1067 502 Oeffclius,
1088 459 1194 504 cujus
1224 455 1498 505 benignitatem
1527 461 1565 492 et
1585 453 1665 492 offi-

212 516 424 554 ciositatem
454 517 624 556 oratione
652 519 742 556 satis
771 518 982 569 praedicare
1010 531 1088 555 non
1115 529 1281 567 possum,
1312 528 1442 554 mense
1470 515 1594 566 Aprili
1616 515 1663 552 A.

216 577 335 617 1766.
364 576 550 623 codicem,
572 578 620 616 de
641 592 718 629 quo
745 579 872 616 statim
892 579 1062 629 pluribus
1082 577 1223 615 dicam.
1279 576 1360 613 Hic
1380 576 1504 614 codex
1523 576 1665 626 primus

215 644 274 674 est
293 644 475 676 mstorum
496 639 889 684 demosfflenicorum,
911 639 1047 689 quibus
1075 650 1167 675 usus
1187 650 1284 675 sum.
1306 636 1368 674 hic
1388 649 1448 675 me
1469 636 1582 687 coepit
1600 636 1667 673 do-

189 710 303 739 .cere
323 700 510 736 rationem
533 700 678 738 criticae
707 700 1023 739 Demosthenicae
1052 699 1295 744 exercendae,
1325 698 1425 735 illius
1455 705 1560 749 puta,
1580 711 1666 748 quae

214 759 315 797 circa
342 760 530 797 lectiones
547 761 669 798 varias
689 769 860 799 versatur
882 775 903 800 e
922 762 1027 800 libris
1055 761 1227 806 vetustis,
1258 772 1328 797 seu
1355 759 1473 805 mstis,
1502 772 1572 797 seu
1598 759 1668 795 im-

215 821 355 871 pressis
375 821 578 859 eruendas.
633 822 802 873 Prosper
829 822 869 860 in
897 822 970 861 hac
999 835 1041 861 re
1070 835 1269 860 successus
1298 821 1464 858 animum
1490 820 1579 857 mihi
1598 819 1667 858 ad-

216 880 310 918 didit
343 882 452 932 plura
478 882 659 932 praesidia
685 883 796 931 huJus
825 883 977 933 generis
1006 881 1354 932 circumspiciendi.
1412 882 1510 919 Cum
1536 881 1668 931 itaque

216 941 435 980 didicissem
464 943 729 993 praestantiam
748 945 1055 982 membranarum
1076 942 1462 988 demosthenicarum,
1482 955 1570 992 quae
1588 942 1667 978 Au-

213 1009 336 1052 gustae
357 1002 644 1040 Vindelicorum
664 1011 876 1049 servantur,
899 1017 988 1043 cum
1007 1004 1279 1055 praedicatione
1299 1003 1472 1049 aliorum,
1492 1009 1574 1039 tum
1593 1015 1666 1039 usu

215 1075 318 1108 meo,
339 1064 471 1114 rogavi
492 1064 611 1101 virum
633 1065 925 1103 celeberrimum
946 1066 1132 1104 Iacobum
1148 1065 1376 1110 Brukerum,
1398 1071 1440 1102 ut
1455 1076 1586 1102 earum
1604 1076 1669 1101 co-

215 1124 319 1174 piam
335 1124 428 1161 mihi
446 1124 610 1163 faceret.
658 1125 780 1163 Dedit
798 1126 874 1164 hoc
889 1126 1070 1178 precibus
1090 1126 1182 1163 meis
1201 1126 1257 1162 vir
1275 1125 1582 1170 humanissimus,
1597 1124 1668 1162 sed

214 1198 286 1236 per
305 1198 472 1224 errorem
499 1186 628 1224 nescio
656 1199 784 1236 quem,
815 1191 920 1236 cujus
948 1195 1078 1226 tamen
1106 1187 1288 1225 secundae
1314 1186 1477 1223 fortunae
1504 1185 1666 1236 gratiam

214 1247 353 1292 habeo,
381 1247 527 1284 factum
557 1254 627 1292 est,
659 1255 702 1285 ut
729 1261 799 1298 pro
827 1248 1057 1287 membranis
1084 1248 1157 1286 illis
1185 1247 1364 1297 antiquis,
1385 1247 1511 1285 codex
1530 1247 1666 1297 aliquis

214 1308 336 1346 multo
355 1308 556 1353 recentior,
579 1321 694 1358 quem
712 1311 904 1346 secundum
923 1310 1087 1361 appello,
1110 1309 1160 1347 ad
1180 1322 1241 1345 me
1261 1308 1477 1345 mitteretur
1497 1308 1566 1345 sub
1587 1308 1667 1345 exi-

215 1376 296 1406 tum
318 1369 366 1406 A.
389 1370 505 1410 1766.
545 1369 768 1407 Defunctus
787 1370 918 1408 labore
939 1382 1028 1408 eum
1047 1369 1284 1413 conferendi,
1305 1368 1446 1414 remisi,
1477 1375 1517 1406 et
1535 1368 1664 1406 denuo

213 1429 345 1478 rogavi
373 1430 522 1480 copiam
547 1429 645 1466 illius
672 1430 892 1480 antiquioris
921 1438 961 1468 et
987 1429 1274 1481 praestantioris,
1301 1442 1416 1478 quem
1435 1442 1535 1467 anno
1551 1442 1664 1480 paene

215 1497 300 1527 toto
321 1490 367 1527 A.
393 1492 508 1535 1767,
527 1503 680 1528 mecum
699 1490 828 1528 habui.
871 1491 1049 1529 Remisso
1065 1491 1156 1528 item
1168 1489 1257 1536 hoc,
1274 1490 1384 1527 simul
1400 1497 1477 1528 tres
1492 1490 1666 1541 Augusta

219 1552 269 1588 ad
290 1564 350 1588 me
370 1551 474 1588 missi
495 1558 595 1597 sunt,
615 1551 655 1596 ii,
676 1564 770 1602 quos
791 1552 950 1597 tertium,
972 1558 1139 1601 quartum
1159 1558 1197 1588 et
1216 1551 1376 1600 quintum
1395 1551 1563 1602 appello.

268 1613 345 1649 Hae
361 1618 448 1649 sunt
462 1613 583 1662 copiae
599 1612 775 1650 codicum
789 1619 986 1658 mstorum‚
1002 1626 1087 1664 quae
1100 1612 1199 1651 hanc
1222 1612 1312 1649 mihi
1329 1612 1532 1650 editionem
1551 1612 1661 1651 ador-

213 1674 318 1712 nanti
339 1674 389 1712 ad
405 1687 537 1712 manus
556 1673 678 1713 fuere.
738 1673 940 1724 Sigillatim
957 1687 1059 1712 nunc
1073 1687 1203 1713 eorum
1223 1686 1413 1725 quemque
1433 1673 1662 1712 describam.

756 1830 923 1873 SECT.
958 1829 1122 1872 XVII.

714 1938 774 1975 De
795 1938 829 1975 A
834 1943 1011 1988 ugustano
1025 1937 1154 1987 primo.

270 2038 335 2075 AB
359 2038 590 2088 Augustano
606 2038 741 2088 primo,
765 2039 931 2076 omnium
950 2040 1194 2084 nobilissimo,
1216 2039 1365 2076 initium
1391 2037 1526 2077 merito
1543 2037 1661 2085 facio,

215 2098 277 2147 qui
297 2099 401 2148 quod
420 2112 522 2136 nunc
550 2099 638 2135 mihi
660 2100 710 2136 ad
728 2112 862 2138 manus
880 2114 957 2138 non
985 2101 1032 2139 sit
1059 2101 1216 2139 codices
1242 2113 1347 2138 meos
1372 2099 1601 2144 recensenti,
1622 2099 1661 2136 id

212 2172 303 2197 vero
322 2160 359 2196 in
380 2159 507 2209 primis
526 2173 630 2210 aegre
651 2160 746 2199 fero.
803 2161 997 2213 Quicquid
1025 2162 1125 2199 enim
1147 2163 1196 2199 de
1217 2174 1263 2199 eo
1282 2161 1418 2207 dicam,
1439 2174 1461 2199 e
1481 2160 1662 2198 memoria

215 2220 463 2270 repetendum
495 2229 567 2266 est,
597 2234 684 2271 quae
713 2222 821 2259 fluxa
849 2230 888 2260 et
915 2223 1037 2260 labilis
1068 2230 1138 2260 est.
1196 2222 1332 2260 Codex
1361 2229 1418 2259 est
1440 2221 1517 2266 ille,
1539 2220 1662 2271 quiin

216 2282 406 2330 Catalogo
429 2282 673 2332 Ehingerano
693 2295 732 2332 p.
753 2284 845 2323 763.
866 2283 904 2319 in
925 2283 1177 2320 Reusnerano
1196 2296 1233 2333 p.
1253 2284 1317 2323 78.
1337 2296 1375 2319 n.
1393 2285 1430 2321 2.
1449 2282 1506 2320 sic
1525 2294 1661 2319 recen-

216 2349 321 2379 setur
338 2342 589 2379 Demosthenis
608 2343 716 2379 codar
731 2348 833 2379 vetus
846 2356 923 2380 cum
935 2344 1198 2380 commentariis
1222 2343 1383 2391 Ulpiani,
1403 2344 1466 2379 sed
1482 2343 1562 2379 hinc
1581 2343 1663 2378 iude

212 2404 357 2439 mutilus
376 2409 410 2439 ct
440 2404 534 2439 lectu
555 2403 718 2449 difficilis.
775 2403 925 2441 Eadem
944 2416 1054 2455 paene
1075 2403 1215 2455 scripta
1234 2411 1343 2442 erant
1362 2416 1385 2441 a
1404 2404 1532 2441 nescio
1553 2406 1663 2450 cujus

212 2476 328 2500 manu
348 2464 386 2500 in
406 2464 527 2514 primo
546 2464 637 2501 folio
656 2464 757 2501 illius
777 2465 936 2511 codicis,
958 2478 1045 2503 cum
1068 2465 1230 2503 absurda
1250 2472 1289 2503 et
1316 2464 1567 2515 ignominiosa
1586 2464 1662 2502 hac

214 2531 318 2568 nota,
354 2526 414 2573 qui
442 2526 592 2562 codicem
623 2526 713 2562 hunc
745 2531 895 2572 tractet,
924 2539 991 2575 pro
1023 2527 1191 2564 thesauro
1223 2528 1391 2564 carbones
1419 2526 1660 2563 inventurum.

215 2586 313 2626 Quae
333 2585 548 2635 quicunque
566 2585 727 2635 scripsit,
751 2599 979 2637 quamquam
995 2600 1142 2632 vereor,
1159 2600 1208 2624 nc
1222 2586 1383 2624 VVolfius
1403 2586 1482 2636 ipse
1500 2586 1661 2636 scripse-

212 2646 273 2692 rit,
296 2659 356 2682 nm
376 2646 406 2682 is
426 2645 503 2695 ipse
524 2653 647 2683 semet
666 2646 862 2684 infamavit
884 2655 923 2685 et
942 2648 1143 2685 stultitiam
1163 2661 1270 2685 suam
1290 2647 1511 2691 denudavit,
1532 2646 1580 2684 de
1601 2659 1660 2683 re-

211 2708 282 2744 bus
303 2707 546 2756 incompertis
566 2715 712 2745 temere
735 2708 927 2755 judicans,
957 2716 995 2746 et
1019 2722 1065 2746 ea
1093 2709 1260 2753 elevans,
1290 2720 1450 2758 quorum
1476 2715 1659 2757 praestan-

210 2767 299 2805 tiam
321 2767 400 2817 ipsc
419 2780 486 2804 suo
508 2781 578 2804 usu
604 2781 680 2805 non
705 2767 910 2806 didicisset.
969 2770 1104 2807 Codex
1129 2769 1243 2806 estin
1265 2776 1400 2819 quarto
1429 2781 1538 2818 paene
1567 2781 1659 2819 qua-

212 2830 357 2877 dratus,
378 2828 529 2878 spissus,
549 2836 647 2866 totus
666 2831 996 2876 membranaceus,
1020 2837 1057 2868 et
1076 2831 1122 2867 ab
1144 2831 1280 2868 eadem
1304 2843 1432 2874 manu,
1462 2830 1492 2867 si
1519 2830 1655 2868 decem

211 2890 302 2928 folia
332 2889 530 2940 exceperis
551 2902 573 2928 a
598 2903 710 2928 manu
738 2891 952 2930 recentiore
985 2891 1173 2943 suppleta,
1204 2898 1400 2934 exaratus,
1429 2890 1585 2936 soeculo,
1616 2898 1657 2928 ut
