1824 3171
443 152 519 189 AD
551 150 711 190 SUUM
741 148 1036 188 DEMOSTH.
1070 147 1358 186 PRAEFATT.
1499 146 1623 184 xxxix

179 251 462 305 terpretationis
477 251 739 290 difficillimum
757 265 947 302 quemque
963 259 1136 290 autorem
1152 250 1188 288 in
1204 263 1272 288 sua
1285 249 1417 299 lingua
1431 248 1625 300 suscipere

180 315 387 366 legendum
415 314 637 352 audebunt:
668 321 707 352 et
732 327 815 352 eam
839 314 908 351 sibi
928 313 1150 351 felicitatem
1181 311 1488 363 gratulabuntur,
1509 310 1627 360 quod,

178 390 266 428 quae
288 376 326 413 in
344 375 463 413 latino
483 389 659 414 sermone
688 375 842 413 rudiora
858 383 958 420 sunt,
979 383 1018 413 et
1038 375 1153 425 longe
1172 373 1272 410 infra
1292 371 1558 410 excellentiam
1578 372 1631 421 ip-

181 450 309 477 sorum
323 445 513 483 autorum,
530 451 577 475 ea
594 451 671 475 non
690 437 873 483 mutilata,
895 451 969 474 non
988 436 1198 487 inquinata,
1213 448 1288 472 non
1308 434 1530 484 depravata,
1551 445 1628 468 non

180 497 389 544 imminuta,
407 499 476 537 sed
496 498 656 549 integra,
676 512 785 550 pura,
806 505 993 544 correcta,
1013 497 1145 542 solida,
1166 504 1207 534 ut
1225 497 1274 534 ab
1300 503 1434 533 autore
1460 494 1542 544 ipso
1562 506 1630 543 pu·

179 559 323 598 blicata
351 568 452 606 sunt,
481 568 729 611 cognoscant.
785 560 899 603 Quod
931 567 1036 598 certe
1067 559 1163 597 tanti
1193 558 1326 602 refert,
1354 564 1396 593 ut
1426 554 1629 606 optabilius

178 629 297 667 esset,
323 635 454 660 omnes
472 622 516 660 iis
536 635 622 660 esse
641 622 816 673 ingeniis,
843 635 889 660 ea
913 620 1113 666 industria,
1144 633 1191 657 ea
1216 618 1414 663 felicitate,
1444 624 1488 654 ut
1516 617 1630 653 trium

179 682 393 734 linguarum
408 687 612 732 conjuncta
627 684 800 730 scientia,
815 697 946 722 omnes
960 697 1020 721 res
1035 682 1191 733 cognitu
1206 680 1439 718 necessarias
1453 687 1490 716 et
1504 679 1634 727 utiles,

177 743 259 782 sive
289 745 339 783 ad
371 745 522 796 pietatis
549 746 705 791 cultum,
733 746 811 784 sive
840 745 891 783 ad
915 744 1101 795 rempubl.
1136 741 1437 793 gubernandam,
1473 740 1552 778 sive
1583 740 1633 778 ad

179 818 305 844 mores
323 806 554 853 formandos,
574 807 651 845 sive
671 808 721 846 ad
740 821 821 846 rem
839 806 1089 845 domesticam
1109 804 1431 848 constituendam,
1449 810 1488 840 et
1504 815 1632 840 curam

179 867 409 906 valetudinis
427 869 676 920 pertinentes,
695 884 773 908 non
791 883 842 908 ex
855 869 1056 920 inquinatis
1069 868 1319 918 interpretum
1337 865 1477 911 rivulis,
1498 865 1566 903 sed
1586 878 1635 903 ex

180 928 454 982 limpidissimis
483 932 650 982 ipsorum
677 941 851 970 autorum
880 931 1050 970 fontibus
1080 930 1288 968 haurirent.
1346 929 1426 966 Sed
1445 928 1632 974 videmus,

181 1008 268 1032 eam
289 994 477 1044 ignaviam
504 994 619 1033 nostri
646 994 780 1040 seculi,
801 1001 841 1031 et
859 993 898 1031 in
918 1006 1067 1030 summa
1094 991 1265 1030 discendi
1290 990 1401 1041 copia
1426 989 1633 1034 fastidium,

179 1065 223 1095 ut
241 1057 314 1095 hoc
331 1064 461 1108 optare
477 1057 663 1102 audaciae,
684 1069 839 1107 sperare
859 1056 1029 1094 stultitiae
1049 1068 1134 1093 esse
1155 1054 1343 1091 videatur.
1400 1054 1530 1095 Quare
1555 1066 1633 1090 non

179 1119 470 1169 improbandum
491 1120 562 1157 erit
582 1132 714 1156 eorum
742 1118 924 1167 studium,
949 1118 1013 1168 qui
1037 1118 1075 1154 in
1095 1117 1134 1154 id
1159 1129 1316 1167 operam
1337 1115 1442 1160 dant,
1472 1123 1514 1152 ut
1534 1129 1633 1166 prae-

178 1180 410 1219 stantissima
427 1189 602 1219 veterum
620 1187 869 1218 monumenta
887 1179 1033 1230 possint
1049 1178 1162 1216 etiam
1177 1190 1200 1215 a
1212 1177 1456 1215 mediocriter
1475 1177 1633 1215 literatis

179 1242 308 1292 aliquo
324 1243 438 1280 modo
459 1242 634 1293 intelligi.
689 1242 814 1292 quue
834 1241 1005 1279 nonnulli
1025 1247 1114 1278 sunt
1132 1244 1286 1290 (graves
1302 1239 1476 1289 profecto
1491 1246 1531 1276 et
1551 1252 1638 1276 eru-

121 1318 124 1320 *
179 1303 249 1341 diti
272 1304 355 1352 viri)
373 1305 437 1356 qui
456 1319 532 1343 non
559 1305 674 1356 paulo
691 1305 817 1342 utilius
838 1317 922 1341 esse
948 1310 1099 1354 putent,
1122 1315 1235 1353 quam
1267 1301 1370 1352 quod
1401 1314 1503 1339 nunc
1532 1315 1637 1339 com-

180 1366 310 1418 plures
329 1367 399 1405 sibi
418 1368 546 1405 studio
565 1367 720 1412 habent,
742 1375 784 1405 ut
803 1367 891 1404 hinc
910 1366 996 1404 inde
1016 1366 1116 1403 male
1136 1365 1302 1403 consutis
1329 1364 1436 1415 quasi
1463 1365 1636 1404 centoni-

180 1429 266 1474 bus,
294 1442 424 1475 novos,
452 1442 595 1481 eosque
625 1442 794 1480 nugaces
824 1429 1049 1480 plerumque
1076 1427 1225 1465 libellos
1260 1426 1389 1477 (pauci
1415 1426 1515 1463 enim
1545 1440 1637 1465 vere

181 1490 284 1528 docti
311 1498 399 1529 sunt
427 1499 467 1529 et
494 1492 730 1542 eloquentes,
758 1491 805 1530 ad
826 1504 921 1541 quos
940 1491 1025 1527 haec
1056 1488 1302 1540 reprehensio
1331 1488 1424 1525 nihil
1452 1489 1636 1539 pertinet)

181 1552 429 1599 concinnent,
451 1561 490 1591 et
508 1555 702 1599 cramben,
718 1567 795 1591 non
811 1553 882 1598 bis,
896 1553 965 1590 sed
979 1551 1197 1590 sexcenties
1210 1550 1413 1601 repetitam
1429 1558 1638 1602 apponant.

179 1615 248 1666 qui
272 1615 366 1665 quid
390 1616 557 1654 efficiunt
583 1616 699 1661 aliud,
720 1629 835 1666 quam
861 1623 907 1653 ut
935 1615 1122 1652 varietate
1150 1613 1451 1664 praeceptionum
1483 1613 1639 1663 ingenia

181 1677 462 1715 distrahantur:
497 1685 536 1716 et
565 1678 808 1716 bibliothecis
838 1677 877 1714 in
907 1677 1134 1714 immensum
1161 1675 1420 1725 exaggeratis,
1448 1675 1638 1725 neglectis

180 1738 285 1776 libris
306 1739 537 1786 melioribus,
557 1740 770 1778 deteriores
786 1753 862 1777 non
879 1752 961 1777 raro
983 1739 1241 1776 celebrentur.
1282 1736 1415 1774 Plures
1435 1737 1517 1774 fere
1532 1750 1637 1775 nune

183 1809 272 1839 sunt
300 1804 357 1849 (ut
383 1802 431 1840 de
460 1802 542 1840 aliis
575 1805 740 1849 taceam)
765 1802 903 1839 artium
929 1802 1084 1840 dicendi
1113 1799 1299 1846 methodi,
1329 1813 1442 1850 quam
1469 1800 1638 1851 ipsarum

184 1863 320 1901 artium
346 1863 516 1902 studiosi.
574 1866 728 1906 Quanto
759 1871 888 1901 autem
912 1871 1014 1901 esset
1040 1862 1307 1914 praestabilius,
1329 1861 1577 1900 Aristotelem
1598 1868 1638 1899 et

185 1924 413 1962 Ciceronem
451 1926 609 1964 eruditis
647 1926 852 1964 illustratos
889 1924 1171 1964 commentariis
1199 1923 1370 1961 studiose
1406 1923 1485 1974 legi
1519 1931 1640 1974 atque

184 1986 316 2024 edisci.
371 1988 600 2037 Quanquam
615 1988 679 2038 qui
700 2001 769 2025 sua
788 1986 1014 2038 compendia
1034 1999 1080 2024 eo
1100 1985 1323 2030 retulerunt,
1345 1992 1387 2022 ut
1406 1985 1477 2022 illis
1496 1985 1641 2023 rectius

185 2046 458 2097 intelligendus
483 2049 662 2094 serviant,
685 2062 750 2086 eos
770 2048 971 2100 plurimum
999 2047 1189 2098 profuisse
1217 2058 1331 2082 nemo
1360 2059 1437 2083 non
1463 2046 1642 2096 intelligit

186 2115 227 2146 et
246 2108 400 2146 fatetur.
458 2109 521 2146 Ac
548 2110 708 2147 eandem
738 2111 851 2147 etiam
880 2109 1234 2159 interpretationum
1264 2107 1497 2144 eruditarum
1524 2107 1640 2145 ratio-

186 2182 274 2206 nem
302 2182 385 2207 esse
407 2183 570 2209 censeo:
599 2179 638 2208 et
666 2184 741 2221 ego
761 2171 799 2208 in
827 2170 1093 2207 Demosthene
1114 2169 1375 2207 convertendo
1395 2181 1442 2206 eo
1470 2169 1641 2219 respexi,

187 2240 265 2268 non
285 2231 412 2276 modo,
432 2239 473 2269 ut
494 2245 516 2269 a
546 2233 703 2270 rudibus
725 2245 939 2283 graecarum
959 2231 1152 2269 literarum
1173 2231 1379 2282 legeretur,
1405 2231 1474 2268 sed
1490 2238 1532 2268 ut
1552 2244 1641 2269 cum

185 2305 315 2343 graeco
349 2300 484 2331 autore
514 2294 679 2331 conferri
709 2294 829 2344 possit
860 2305 948 2330 mea
976 2293 1240 2343 interpretatio
1275 2300 1313 2330 et
1347 2292 1381 2330 ei
1411 2305 1480 2344 per
1513 2293 1643 2330 omnia

188 2356 387 2405 (quantum
406 2355 555 2403 liceret)
575 2355 764 2405 exquisite
794 2355 1060 2406 responderet,
1091 2368 1137 2392 ac
1165 2355 1257 2392 nihil
1287 2354 1429 2400 malim,
1458 2368 1572 2404 quam
1598 2362 1642 2392 ut

189 2416 311 2467 (quod
325 2416 364 2454 in
381 2416 508 2454 multis
523 2417 719 2455 autoribus
738 2417 886 2455 factum
907 2430 991 2454 esse
1011 2417 1141 2463 video)
1165 2430 1250 2454 cum
1270 2416 1395 2454 latinis
1416 2429 1465 2453 ex
1483 2417 1643 2454 adverso

189 2490 319 2528 graeca
338 2481 672 2528 conjungerentur.
728 2478 818 2516 Non
838 2479 942 2530 quod
963 2478 1036 2516 vim
1062 2479 1180 2524 illam,
1200 2486 1241 2516 et
1260 2480 1318 2528 (ut
1337 2477 1468 2515 Graeci
1489 2479 1644 2526 vocant)

189 2539 381 2587 δεινότητα
398 2540 712 2579 Demosthenicae
733 2540 910 2578 orationis
940 2548 978 2578 et
1006 2541 1158 2579 atticam
1179 2553 1371 2586 venerem,
1396 2547 1435 2577 et
1463 2554 1644 2578 numeros

190 2603 376 2643 oratorios
392 2603 469 2641 ulla
485 2616 532 2641 ex
551 2610 660 2654 parte
677 2616 738 2641 me
756 2610 1006 2642 consecutum
1027 2617 1199 2655 sperem:
1231 2603 1334 2654 quod
1353 2603 1435 2654 quis
1454 2604 1525 2641 sibi
1540 2617 1644 2641 arro-

191 2674 258 2718 get
273 2666 345 2717 (his
364 2664 517 2716 quidem
536 2665 788 2717 temporibus)
807 2665 878 2703 nisi
898 2679 1050 2716 prorsus
1065 2679 1196 2703 amore
1215 2665 1272 2703 sui
1291 2665 1406 2702 nimio
1423 2673 1461 2702 et
1480 2666 1645 2703 admira-

189 2729 293 2766 tione
313 2726 522 2766 caecutiat?
543 2727 612 2765 sed
631 2728 735 2778 quod
755 2728 793 2764 in
814 2727 960 2778 optima
979 2727 1215 2765 conscientia
1235 2727 1359 2764 lucem
1376 2741 1451 2765 non
1473 2727 1644 2765 reformi-

192 2790 255 2835 do,
277 2796 316 2828 et
334 2788 542 2827 sententias
561 2789 757 2827 sententiis
778 2789 997 2841 appendere
1018 2802 1166 2827 summa
1184 2789 1262 2827 fide
1287 2802 1370 2826 sum
1400 2796 1572 2833 conatus,
1593 2788 1644 2825 ad

192 2864 351 2901 eamque
366 2863 446 2888 rem
462 2857 502 2888 et
512 2857 664 2903 tempus
685 2851 872 2902 (quamvis
887 2851 926 2888 id
942 2863 1034 2889 sane
1044 2854 1147 2900 justo
1167 2851 1338 2898 brevius)
1353 2857 1392 2887 et
1408 2850 1642 2899 diligentiam

193 2911 346 2950 adhibui
372 2924 486 2962 quam
505 2912 588 2952 fieri
615 2913 740 2965 potuit
767 2913 1073 2953 attentissimam.
1129 2913 1245 2955 Quod
1274 2912 1395 2962 ipsum
1425 2911 1463 2948 in
1483 2912 1557 2949 hoc
1578 2924 1642 2950 au-
