1824 3171
174 127 262 165 cxlii
633 127 846 168 REISKII
880 129 1173 170 PRAEFATIO

174 240 234 270 tas
253 243 302 270 ne
323 231 620 278 intercessisset,
638 233 788 272 Italiam
806 241 934 272 tecum
955 247 1234 286 peragrassem,
1256 231 1464 278 Graeciam,
1487 232 1636 279 Asiam,

174 294 394 342 meiam,
419 295 679 339 Britanniam3
717 302 774 333 tot
793 297 942 334 nobiles
961 304 1197 347 spectassem
1217 295 1392 346 populos,
1413 307 1558 340 musea,
1578 295 1636 332 bi·

174 355 412 400 bliothecas;
450 356 547 394 viros
567 356 730 394 adissem
752 357 964 395 litterarum
992 359 1108 396 laude
1132 358 1338 401 florentes3
1377 357 1524 394 calamo
1545 369 1635 394 exa-

172 424 276 454 ratos
298 425 521 455 tractassem
542 418 775 468 optimorum
805 427 1022 465 auctorum,
1050 418 1287 469 antiquitatis
1316 419 1545 469 principum,
1567 431 1634 456 co-

174 478 295 524 dices,
315 484 508 516 vetustate
540 479 694 530 fideque
715 480 981 525 venerabiles;
1018 487 1269 518 monumenta
1296 480 1438 517 vetusti
1458 480 1528 516 aevi
1558 479 1634 516 cla-

175 539 321 577 rissima
355 553 484 577 coram
514 540 667 578 intuens
695 549 899 579 veneratus
928 554 1077 586 essem;
1129 541 1242 585 rivos,
1273 548 1436 584 montes,
1477 541 1631 591 oppida,

174 608 333 647 tractus,
349 609 549 652 poetarum
571 609 683 653 atque
703 602 971 641 historicorum
988 616 1056 640 seu
1072 602 1272 647 natalibus,
1290 615 1355 640 seu
1377 602 1546 646 sedibus,
1565 615 1635 640 seu

174 663 402 701 testimoniis
422 664 657 710 nobilitatos,
681 664 908 702 salutassem
926 681 935 709 ;
973 664 1163 702 artificum
1183 664 1220 700 in
1240 676 1471 714 quocunque
1491 676 1559 700 seu
1580 663 1635 700 in-

175 725 291 775 genii,
314 738 383 762 seu
411 730 543 763 manus
571 726 760 776 exquisito
790 739 906 777 opere
937 739 1173 764 summorum
1204 725 1372 763 officinas
1399 725 1633 770 lustr-assem,

173 787 383 824 calcassem
403 786 576 837 vestigia.
625 787 826 839 Particeps
853 801 955 826 nunc
976 801 1101 826 essem
1121 800 1319 838 gazarum,
1341 799 1434 837 quas
1454 794 1494 823 tu
1513 786 1631 831 illinc,

173 853 213 885 et
231 859 404 897 magnas,
428 856 467 885 et
486 848 713 898 singulares,
735 849 773 886 in
794 849 1032 887 Britanniam
1054 854 1158 886 tuam
1177 855 1307 886 tecum
1326 848 1503 887 retulisti.
1552 848 1632 886 Sed

172 920 281 945 secus
301 909 420 945 visum
449 909 522 945 fuit
544 909 704 960 superis,
735 910 875 960 quibus
904 910 1047 960 gratias
1077 909 1195 947 etiam
1222 909 1362 955 habeo,
1383 923 1404 947 a
1424 911 1539 948 rebus
1563 910 1632 948 ad-

172 968 292 1006 versis
322 981 437 1019 quam
465 970 638 1020 plurimis
665 971 822 1016 doctus,
850 971 889 1009 in
914 971 1180 1009 mediocritate
1205 970 1318 1008 sortis
1348 984 1444 1008 meae
1472 971 1631 1022 conqui-

171 1042 319 1067 escere.
378 1031 527 1081 Ecquis
553 1031 653 1068 enim
681 1039 817 1070 auctor
841 1032 933 1069 mihi
961 1045 1203 1083 sponsorque
1223 1032 1284 1077 sit,
1306 1032 1475 1069 futurum
1501 1033 1632 1078 fuisse,

171 1098 215 1129 ut
232 1092 408 1129 itinerum
428 1100 487 1130 tot
505 1093 699 1131 molestias
726 1094 923 1140 toleraret,
943 1101 1003 1132 tot
1023 1094 1207 1132 evaderet
1235 1094 1466 1139 discrimina,
1495 1107 1631 1145 corpu-

170 1153 319 1191 sculum
336 1154 424 1200 hoc,
446 1154 550 1206 quod
567 1162 705 1194 natura
724 1156 816 1193 mihi
836 1156 983 1201 tribuit,
1004 1156 1057 1194 ita
1077 1156 1394 1194 valetudinarium
1408 1156 1426 1192 P
1462 1156 1631 1194 Comita-

170 1222 231 1253 tus
257 1223 297 1253 te
328 1216 359 1253 si
389 1229 525 1262 essem,
546 1216 598 1253 mi
624 1217 796 1263 Askewi,
826 1224 870 1255 ut
899 1217 1122 1255 condictum
1148 1217 1247 1255 inter
1275 1230 1344 1255 nos
1373 1225 1467 1262 erat,
1496 1218 1628 1255 nescio

168 1291 216 1315 an
239 1278 382 1316 Xanthi
401 1292 502 1317 nunc
521 1291 662 1324 arenae,
681 1279 949 1324 Simoentisve,
967 1292 1055 1317 ossa
1073 1292 1159 1316 mea
1174 1286 1366 1329 tegerent,
1389 1293 1514 1330 neque
1534 1280 1627 1317 lice-

169 1347 243 1383 ret,
266 1340 306 1377 id
325 1340 426 1391 quod
445 1353 548 1378 nunc
568 1340 672 1385 licet,
695 1341 983 1386 Demosthenis,
1004 1341 1129 1383 autsi
1154 1341 1218 1392 qui
1244 1348 1332 1379 sunt
1356 1341 1418 1379 alii
1438 1355 1459 1379 e
1478 1349 1630 1379 vetusta

171 1400 326 1439 Graecia
354 1401 446 1438 mihi
469 1401 688 1446 familiares,
713 1414 844 1439 eorum
868 1415 953 1440 ossa
978 1402 1125 1453 legere,
1151 1416 1222 1453 pro
1250 1403 1346 1439 virili
1372 1416 1460 1440 mea
1491 1403 1630 1449 lavare,

168 1476 331 1514 ungere,
354 1463 465 1501 sertis
487 1462 678 1500 redimire.
717 1463 803 1500 Deo
824 1464 1019 1501 enimvero
1042 1463 1184 1514 gratias
1204 1464 1431 1508 habeamus,
1459 1464 1630 1510 Askewi,

168 1525 230 1576 qui
251 1533 290 1562 te
312 1524 466 1576 quidem
486 1524 630 1562 salvum
648 1537 692 1562 ac
708 1524 905 1576 sospitem,
921 1525 1129 1576 spoliisque
1150 1525 1321 1563 Orientis
1340 1525 1542 1576 insignem,
1562 1539 1632 1577 pa-

167 1587 263 1632 triae,
285 1587 429 1631 amicis‚
449 1586 583 1624 litteris
603 1586 784 1632 reddidit,
807 1600 901 1638 quas
922 1594 964 1624 tu
994 1587 1121 1625 multis
1147 1587 1392 1638 egregiisque
1420 1588 1543 1625 modis
1571 1601 1633 1626 or.-

165 1662 262 1693 nas3
299 1662 360 1686 me
376 1654 503 1686 autem
521 1648 559 1685 in
579 1648 811 1699 provinciam
832 1649 943 1695 misit,
963 1662 1042 1686 non
1063 1649 1229 1700 amplam
1249 1649 1405 1699 quidem
1423 1649 1539 1701 illam,
1561 1663 1628 1688 ne-

166 1720 242 1758 que
258 1715 529 1759 quaestuosam,
550 1721 675 1758 neque
697 1708 904 1746 admodum
926 1709 1211 1755 delectabilem,
1230 1722 1315 1747 eam
1335 1716 1477 1755 tamen,
1498 1710 1535 1747 in
1552 1720 1629 1762 qua

165 1771 300 1816 bonas,
322 1783 416 1820 quas
437 1782 459 1806 a
475 1782 595 1821 puero
616 1770 751 1816 amavi,
773 1771 973 1818 litterulas,
994 1784 1061 1822 per
1073 1771 1206 1817 otium,
1228 1785 1305 1810 non
1324 1772 1439 1823 plane
1455 1772 1558 1811 nullo
1577 1774 1628 1812 ad

163 1831 362 1882 publicum
382 1832 523 1876 fructu,
544 1843 730 1869 exercere
756 1832 911 1882 possim,
941 1832 981 1869 in
1010 1832 1287 1871 consuetudine
1315 1833 1509 1884 conjugiS‚
1539 1848 1626 1885 quae

161 1892 255 1930 mihi
275 1892 452 1930 divinitus
472 1892 619 1943 obtigit,
640 1892 719 1930 fida
738 1899 777 1931 et
795 1893 928 1931 sollers
949 1893 1164 1932 studiorum
1185 1907 1357 1932 meorum
1377 1895 1494 1933 socia.
1524 1895 1626 1933 Haec

161 1955 362 1994 hactenus.
419 1955 482 1992 Ad
508 1962 547 1993 te
576 1955 709 2000 redeo,
739 1955 790 1992 mi
812 1955 979 1994 Askewi.
1008 1963 1048 1994 te
1067 1956 1098 1994 si
1131 1956 1230 1994 aiam
1256 1956 1367 2004 hujus
1387 1956 1478 1994 mihi
1498 1957 1624 2008 operis

163 2025 362 2057 auctorem
379 2017 512 2064 fuisse,
533 2017 638 2055 haud
658 2030 808 2062 vereor,
837 2031 887 2055 ne
907 2031 930 2055 a
957 2030 1049 2056 vero
1069 2018 1234 2055 multum
1263 2018 1493 2056 discessero.
1550 2019 1629 2056 Diu

164 2080 266 2118 enim
287 2080 385 2117 inter
403 2092 511 2130 spem
531 2079 622 2117 boni
643 2091 861 2125 successus,
879 2086 1104 2130 metumque
1123 2080 1295 2118 adversae
1309 2079 1473 2118 fortunae
1493 2080 1631 2131 despe-

164 2142 429 2192 rationemque
451 2155 539 2179 cum
559 2141 698 2179 dubius
719 2142 1002 2192 pependissem‚
1025 2155 1073 2180 eo
1100 2141 1271 2192 inprimis
1292 2154 1478 2179 accensus
1497 2142 1547 2180 ad
1566 2155 1631 2181 au-

164 2204 334 2242 dendum
353 2211 630 2255 permotusque
649 2217 746 2248 sum,
765 2204 871 2254 quod
899 2211 943 2241 tu
963 2203 1055 2241 mihi
1076 2204 1125 2241 de
1145 2203 1297 2241 schedis
1318 2203 1476 2255 Taylori
1495 2205 1546 2242 ad
1566 2218 1627 2243 mc

165 2266 363 2304 mittendis
382 2266 500 2304 fidem
519 2273 625 2303 tuam
645 2264 849 2315 obligat-es.
905 2267 993 2308 Quo
1014 2265 1161 2303 facturn
1182 2272 1256 2315 est,
1277 2272 1319 2302 ut
1340 2265 1475 2316 spretis
1504 2266 1627 2317 impe-

164 2329 361 2378 dimentis,
372 2327 650 2366 discriminibus
663 2334 702 2364 et
717 2327 1054 2373 terriculamentis,
1072 2340 1159 2377 quae
1175 2339 1237 2365 me
1250 2326 1491 2378 plurimaque
1507 2328 1628 2365 maxi-

164 2404 304 2441 maque
325 2391 636 2435 circumstabant,
657 2388 765 2440 operi
785 2402 940 2427 manum
952 2389 1200 2427 admoverem
1221 2389 1476 2427 extrudendo.
1509 2389 1629 2431 Quic-

165 2453 260 2505 quid
276 2452 324 2491 ad
342 2452 645 2490 Demosthenem
665 2451 816 2489 decoris
837 2451 884 2489 ab
903 2451 977 2489 hac
998 2451 1168 2489 editione
1184 2462 1271 2488 mea
1289 2450 1379 2488 olim
1391 2450 1628 2499 judicabitur

166 2514 369 2559 accesisse,
390 2513 493 2564 quod
505 2520 687 2563 quantum
705 2512 753 2550 sit
763 2512 933 2550 futurum
947 2526 1008 2550 res
1025 2513 1183 2564 diesque
1197 2512 1366 2558 docebit,
1384 2515 1464 2561 ejus
1479 2519 1625 2563 partem

164 2575 270 2613 haud
292 2574 615 2613 contemnendam
639 2574 857 2612 auctoritati
885 2582 976 2619 tuae,
1004 2574 1055 2611 mi
1085 2573 1252 2619 Askewi,
1281 2581 1391 2624 grata
1419 2574 1625 2624 posteritas

165 2637 380 2688 imputabit.
438 2636 499 2674 De
525 2636 707 2686 singulari
739 2643 806 2673 tua
832 2648 1046 2686 graecarum
1075 2636 1290 2673 litterarum
1319 2635 1455 2686 peritia
1482 2636 1625 2686 ecquid

164 2711 239 2748 ego
260 2698 382 2736 multa
408 2697 483 2735 hoc
513 2697 601 2735 loco
621 2697 841 2748 praedicem,
864 2697 913 2736 de
942 2709 1019 2747 qua
1037 2697 1137 2734 inter
1164 2710 1298 2734 omnes
1319 2696 1494 2734 constat?
1531 2697 1622 2735 Jam

165 2760 314 2804 Leidae,
342 2759 403 2797 cui
433 2759 527 2797 deus
554 2760 654 2796 bene
683 2759 786 2804 velit,
815 2759 925 2796 almae
953 2758 1168 2797 studiorum
1198 2771 1368 2796 meorum
1396 2758 1627 2807 juvenilium

164 2822 317 2868 nutrici,
347 2820 494 2866 Leidae,
526 2821 693 2871 inquam,
716 2820 790 2858 vidi
819 2833 937 2871 penes
963 2829 1001 2858 te
1031 2823 1191 2872 spissum
1211 2820 1389 2858 volumen
1418 2833 1440 2858 a
1461 2826 1499 2857 te
1529 2833 1622 2857 con·

165 2884 362 2936 scriptum,
377 2890 458 2922 tum
477 2882 605 2921 adhuc
621 2883 777 2933 juvenc,
799 2881 1171 2921 animadversionum
1193 2882 1241 2919 ad
1262 2895 1410 2933 graecos
1429 2887 1622 2927 auctores,
