1824 3171
587 165 669 202 AD
699 163 1164 203 DEMOSTHENEM.
1470 181 1604 208 cxxxv

149 269 272 316 minis,
301 268 439 321 partim
473 264 778 307 ob-valetudinis
807 266 1082 314 infirmitatem,
1111 267 1276 306 salutem
1303 266 1397 318 suga
1426 270 1606 309 consulit.

153 332 242 384 [Sic
262 331 372 370 claris
391 329 509 368 literis
528 329 656 368 inveni
676 329 912 382 exaratum]
934 329 1126 368 nonnullis
1145 329 1317 375 consciis,
1337 331 1528 369 nonnullis
1546 332 1609 369 fu-

153 407 238 445 gam
259 392 536 441 adjuvantibus.
584 392 783 430 Prosecuti
800 392 918 430 cives.
962 391 1167 430 Viaticum.
1210 391 1275 429 AE.
1297 405 1345 429 an
1366 392 1417 430 D.
1437 392 1583 430 dictum
1601 407 1612 431 ε

153 455 217 505 qui
244 454 387 505 possim
419 466 497 491 non
527 453 696 504 graviter
722 453 822 491 ferre
853 460 931 492 etc.
988 453 1025 491 Ο
1046 453 1201 491 domina
1221 453 1401 492 Minerva
1419 476 1472 483 --
1491 454 1612 491 tribus

153 515 298 561 bestiis,
318 515 489 563 Noctua,
503 516 683 553 Dracone
697 522 735 553 et
750 516 914 567 Populo.
953 515 1099 554 Goltzii
1112 515 1356 554 Numismata
1376 532 1448 555 των
1462 516 1612 562 Αθηνα.

151 579 239 629 lege
268 577 498 624 Ἀθηναίων.
529 577 666 617 Exsul.
697 578 864 616 Pausan.
894 578 1071 616 Corinth.
1098 592 1137 629 p.
1171 581 1260 617 148.
1309 578 1494 616 Exsilium
1527 578 1614 616 tulit

154 640 280 678 animo
299 639 504 678 imbecillo.
561 639 699 690 AEgina
725 647 764 678 et
790 640 979 678 Troezene
1007 640 1148 678 sedens
1177 640 1345 678 Atticam
1365 653 1471 692 saepe
1495 640 1618 691 lacry-

153 714 264 740 mans
279 701 541 752 inspectabat.
596 702 690 748 Eos,
713 701 777 752 qui
792 701 982 748 visebant,
1005 701 1211 740 absterruit
1231 715 1254 740 a
1277 715 1359 753 rep.
1416 702 1456 739 Si
1476 714 1616 753 propo-

153 764 235 802 sitis
255 763 404 802 duabus
425 763 492 802 viis
511 770 586 803 etc.
618 764 816 802 Plutarch.
840 764 949 803 Stob.
970 777 1084 802 serm.
1104 767 1170 803 43.
1204 763 1270 801 Ad
1289 769 1461 802 senatum
1484 764 1616 802 literas

155 825 287 864 scribit
306 825 472 864 reditum
493 826 701 878 postulans.
724 826 922 865 Plutarch.
943 826 980 864 in
1000 826 1092 864 Vita
1111 833 1151 864 et
1171 826 1220 864 de
1241 826 1290 865 X.
1306 839 1360 865 or.
1383 834 1422 864 et
1442 843 1483 866 π.
1505 826 1619 864 δυσω-

156 889 259 930 πίας.
290 887 455 926 Pausan.
486 888 663 926 Corinth.
696 888 813 926 Diod.
846 888 924 926 Sic.
955 888 1118 939 Dionys.
1150 888 1284 927 Halic.
1316 889 1500 927 Dinarch.
1531 887 1617 926 adv.

160 949 274 986 Dem.
297 949 412 987 Phot.
433 963 472 1001 p.
491 953 582 989 803.
605 950 765 988 Hellad.
785 964 824 1001 p.
841 951 932 991 873.
955 950 1102 988 Athen.
1121 950 1146 989 l.
1166 954 1203 990 6.
1226 950 1355 989 Aliter
1375 950 1525 989 Gellius
1545 949 1617 988 XI.

156 1014 198 1050 9.
220 1024 269 1049 ex
288 1011 471 1050 Critolao,
502 1012 754 1049 Demosthenis
774 1012 958 1061 Epistoloe.

212 1073 366 1110 CXIII.
381 1076 420 1111 3.
436 1080 501 1110 aet.
522 1073 572 1112 D.
589 1076 654 1112 56.
686 1073 840 1111 Bellum
856 1073 1096 1112 Lamiacum.
1118 1073 1283 1113 Pausan.
1301 1088 1337 1125 p.
1357 1078 1450 1114 415.
1469 1073 1619 1111 Meurs.

160 1135 247 1171 Att.
266 1134 382 1172 Lect.
403 1134 476 1173 IV.
495 1138 534 1173 4.

214 1195 372 1247 Olymp.
404 1195 547 1234 CXIV.
570 1199 607 1234 1.
644 1203 706 1234 aet.
740 1196 790 1233 D.
811 1197 876 1237 57.
920 1196 1033 1234 Mors
1055 1196 1286 1235 Alexandri.
1309 1202 1402 1248 quot
1421 1210 1540 1235 annos
1560 1209 1621 1235 re-

159 1259 304 1310 gnavit,
331 1258 439 1306 vixit,
465 1271 588 1310 genus
609 1259 754 1297 mortis.
799 1258 994 1297 Schottus.
1024 1260 1105 1297 Res
1133 1259 1404 1298 Demosthenis
1432 1259 1622 1311 praeclare

160 1329 295 1372 gestae.
315 1321 481 1360 Lucian.
499 1322 598 1360 Enc.
615 1322 664 1359 D.
681 1321 880 1360 Plutarch.
896 1322 1100 1373 Apophth.
1114 1336 1150 1373 p.
1168 1326 1229 1364 17.
1246 1321 1439 1373 Leopard.
1458 1321 1623 1359 Emend.

161 1383 252 1422 XV.
272 1387 310 1423 9.
355 1384 492 1434 Imago
512 1385 596 1433 ejus
617 1383 741 1422 Piraei.
763 1383 929 1421 Pausan.
951 1384 1102 1422 Meurs.
1122 1384 1162 1422 in
1183 1384 1330 1422 Piraeeo
1350 1398 1385 1423 c.
1404 1386 1444 1426 7.
1471 1383 1624 1422 obsidet

161 1445 414 1496 Antipatrum
433 1445 594 1483 Lamiae.
650 1445 697 1482 In
725 1445 831 1483 bello
850 1444 1048 1491 Lamiam,
1078 1459 1167 1484 cum
1198 1446 1399 1498 Antipater
1424 1446 1523 1484 intra
1545 1445 1623 1484 La-

161 1507 276 1544 miam
296 1520 319 1544 a
347 1506 500 1545 Graecis
529 1507 732 1545 conclusus
762 1514 878 1551 esset,
911 1507 1193 1546 Demosthenes
1215 1508 1322 1555 dixit,
1351 1521 1428 1546 non
1458 1508 1623 1546 eandem

161 1569 233 1606 sibi
253 1581 338 1607 esse
357 1568 600 1614 sententiam,
622 1582 668 1607 ac
690 1568 1006 1614 Atheniensibus,
1023 1569 1087 1620 qui
1107 1570 1157 1607 ob
1177 1571 1279 1609 hunc
1294 1571 1425 1608 laetum
1441 1570 1625 1608 nuncium

159 1629 443 1668 sacrificabant.
500 1630 602 1668 Novi
623 1630 738 1676 enim,
759 1630 893 1681 inquit,
914 1630 1073 1669 Graecos
1092 1631 1256 1669 stadium
1274 1645 1449 1683 pugnare
1468 1639 1508 1670 et
1526 1631 1627 1670 scire

162 1698 206 1732 >et
224 1704 350 1743 posse,
374 1691 569 1730 Dolichou
589 1699 718 1730 autem
741 1705 817 1729 non
837 1692 944 1731 item.
974 1693 1078 1732 Plut.
1107 1693 1146 1730 in
1166 1695 1216 1731 X.
1247 1701 1342 1732 orat.
1371 1694 1494 1732 simile
1525 1693 1629 1731 Pho-

162 1754 285 1794 cionis
314 1754 417 1792 Plut.
447 1754 638 1805 Praecept.
667 1754 782 1793 Polit.
803 1768 839 1806 p.
865 1757 957 1793 388.
978 1754 1045 1793 fin.
1094 1755 1350 1802 Demofionis,
1373 1755 1626 1807 Areopagita-

165 1830 252 1855 rum
285 1816 482 1868 principis,
513 1816 593 1855 filia
621 1816 742 1868 virgo,
775 1817 906 1855 audito
934 1817 1063 1868 sponsi
1097 1817 1329 1856 Leosthenis
1362 1818 1532 1863 interitu,
1562 1817 1628 1868 qui

164 1879 310 1917 bellum
329 1878 558 1916 Lamiacum
578 1879 807 1924 concitarat,
829 1891 870 1916 se
889 1879 1086 1917 interfecit
1112 1892 1300 1926 asserens,
1322 1893 1551 1931 quamquam
1571 1880 1630 1916 in-

166 1947 276 1979 tacta
294 1947 395 1978 esset
410 1953 586 1991 corpore,
605 1947 748 1987 tamen,
771 1941 803 1977 si
824 1941 985 1978 alterum
1006 1941 1184 1992 accipere
1204 1949 1422 1993 cogeretur,
1441 1941 1549 1993 quasi
1569 1953 1629 1979 se-

171 2001 341 2040 cundum
370 2001 578 2052 acciperet,
608 2014 697 2040 cum
726 2001 841 2053 priori
869 2010 1000 2040 mente
1029 2003 1234 2054 nupsisset.
1291 2003 1519 2055 Hieronym.
1541 2003 1629 2041 adv.

172 2062 366 2101 Jovinian.
386 2063 411 2102 l.
436 2066 472 2101 1.
502 2063 671 2114 Pytheas
698 2072 738 2102 et
759 2064 973 2102 Callimedo
996 2065 1183 2103 Carabus.
1240 2066 1457 2103 Hortantur
1484 2077 1632 2116 graecas

170 2125 345 2163 civitates
382 2124 471 2163 hinc
504 2125 620 2175 legati
650 2125 860 2177 Antipatri,
895 2125 984 2163 inde
1017 2126 1291 2164 Athenienses.
1348 2127 1632 2165 Demosthenes

171 2194 255 2225 tum
282 2186 395 2224 exsul
424 2186 567 2224 resistit
597 2187 771 2238 Pytheae.
815 2187 944 2239 Pytho
965 2188 1178 2239 Byzantius
1198 2188 1337 2226 rhetor.
1360 2191 1489 2241 πολλῷ
1510 2189 1635 2240 ῥέοντι

174 2271 225 2278 --
247 2248 361 2286 Dem.
383 2248 476 2298 ipse.
500 2248 604 2286 Plut.
634 2248 671 2285 in
697 2262 732 2286 v.
764 2249 877 2287 Dem.
909 2249 1051 2286 Sextus
1079 2249 1227 2300 Empir.
1247 2263 1284 2300 p.
1311 2252 1404 2292 297.
1425 2251 1488 2288 ed.
1519 2250 1635 2287 Fabr.

177 2309 314 2347 Tzetz.
336 2309 437 2348 Chil.
451 2309 521 2347 VI.
539 2313 604 2348 38.
622 2309 753 2348 Olear.
770 2311 820 2348 ad
842 2310 1020 2348 Philostr.
1037 2325 1076 2361 p.
1092 2314 1183 2350 283.
1207 2312 1320 2350 Voss.
1345 2313 1394 2350 de
1414 2313 1507 2350 Nat.
1529 2312 1637 2350 Rhe-

176 2380 249 2410 tor.
266 2385 305 2422 p.
322 2364 386 2409 81.
426 2371 565 2409 AElian.
583 2372 630 2410 V.
648 2372 703 2410 H.
725 2372 834 2410 XIV.
848 2375 912 2411 28.
933 2372 1043 2411 Phot.
1065 2374 1153 2411 cod.
1169 2376 1259 2412 241.
1286 2375 1459 2413 Demetr.
1480 2374 1636 2413 Phaler.

177 2447 210 2473 c.
233 2438 299 2473 80.
329 2441 369 2471 et
393 2437 485 2473 286.
518 2434 602 2472 Lac
634 2435 851 2473 Asininum.
896 2436 1107 2473 Decretum
1144 2436 1193 2473 de
1228 2436 1492 2475 Demosthene
1525 2436 1639 2473 redu-

176 2496 317 2535 cendo.
372 2494 466 2533 Εἷπε
488 2496 616 2534 Demo
637 2496 886 2535 Paeaniensis.
936 2497 1060 2535 Missa
1079 2497 1224 2535 triremi
1245 2506 1460 2538 revocatur.
1505 2498 1638 2536 Effusa

107 2562 110 2563 ’
178 2559 293 2596 turba
305 2557 508 2608 excipitur.
565 2557 794 2596 Praeclarior
814 2558 973 2605 reditus,
990 2572 1104 2609 quam
1120 2559 1343 2606 Alcibiadis,
1365 2561 1454 2611 quia
1470 2560 1637 2612 populus

181 2626 320 2671 sponte
335 2619 542 2658 revocavit.
574 2620 730 2658 Mulcta
750 2619 958 2659 districtus.
1002 2620 1118 2658 Elusa
1136 2621 1216 2659 lex.
1245 2622 1355 2660 Jovis
1374 2623 1542 2673 Σωτῆρος
1562 2634 1638 2660 ara.

183 2683 329 2720 Munus
346 2682 460 2720 Dem.
483 2683 650 2720 locatum
666 2682 714 2720 L.
731 2682 900 2728 talentis,
917 2683 1046 2734 quanti
1063 2683 1144 2721 scil.
1167 2683 1202 2720 ei
1221 2684 1267 2721 lis
1287 2684 1419 2738 fuerat·
1433 2686 1636 2723 aestimata.

184 2743 286 2780 Plut.
307 2743 422 2780 Phot.
454 2743 618 2782 Reditus
648 2745 933 2783 Demosthenis.
962 2744 1104 2783 Justin.
1125 2744 1241 2783 XIII.
1262 2749 1300 2785 5.
1330 2747 1446 2785 Diod.
1473 2747 1549 2785 Sic.
1580 2760 1641 2785 re-

184 2804 278 2842 diise
299 2806 350 2842 ait
371 2819 470 2843 anno
489 2806 680 2857 proximo.

241 2865 384 2903 CXIV.
413 2871 450 2905 3.
507 2875 568 2905 aet.
590 2868 707 2905 Dem.
726 2871 791 2906 59.
835 2867 954 2914 Obiit,
985 2868 1122 2906 eodem
1151 2881 1252 2906 anno
1290 2883 1363 2920 quo
1394 2869 1641 2907 Aristoteles.

187 2926 322 2965 Laert.
340 2926 388 2964 V.
414 2932 472 2967 10.
495 2929 535 2966 in
555 2929 713 2972 Aristot.
732 2929 818 2968 NB.
834 2942 934 2968 anno
950 2929 1123 2981 proximo
1145 2930 1366 2969 Menander
1384 2930 1553 2969 fabulam
1575 2931 1642 2969 do-
