1824 3171
175 116 259 155 cviii
478 117 551 156 10.
582 117 833 156 TAYLORI
866 118 1306 158 PROLEGOMENA

177 220 370 258 128.158.
390 223 478 260 159.
508 220 598 259 Iens
617 220 665 259 ad
680 220 842 259 Lucian.
864 234 900 271 p.
917 223 1007 261 379.
1027 224 1142 260 1319.
1165 221 1407 271 Hermogen.
1421 219 1482 257 ed.
1500 218 1624 269 Crisp.

173 293 211 330 p.
231 283 296 319 90.
319 283 407 322 176.
431 284 519 323 177.
543 286 633 322 198.
653 286 745 321 215.
766 285 858 322 235.
877 285 969 323 252.
989 283 1082 324 277.
1101 285 1193 322 285.
1210 285 1300 322 296.
1317 284 1407 321 329.
1427 281 1517 321 347-
1534 283 1626 319 364.

174 344 265 379 388.
285 344 377 381 415.
408 343 462 380 H.
482 343 666 394 Stephan.
690 343 764 381 Th.
781 343 827 380 L.
844 343 895 381 G.
917 343 963 381 T.
988 344 1015 382 I.
1033 344 1107 382 col.
1124 347 1215 383 486.
1247 344 1301 381 11.
1317 346 1410 382 445.
1441 342 1513 379 III.
1534 343 1626 381 791.

176 401 308 440 Schol.
325 403 518 455 Aristoph.
537 407 629 443 205.
650 406 740 443 338.
785 405 926 442 Pearce
953 405 1002 442 ad
1024 404 1190 456 Longin.
1215 405 1251 455 ᾗ.
1271 407 1332 442 18.
1375 403 1549 441 Dorville
1578 402 1627 440 ad

176 462 376 502 Chariton.
395 478 434 515 p.
459 468 546 503 115.
568 467 656 505 177.
687 467 778 505 317.
799 468 889 506 337.
919 469 1008 504 391.
1039 467 1131 506 670.
1149 468 1241 506 674.
1285 465 1377 503 Not.
1399 464 1448 501 ad
1468 463 1627 501 Lucian.

177 523 225 562 T.
248 524 276 561 Ι.
297 528 414 575 p.63.
437 538 471 564 a.
486 526 578 566 487.
600 538 634 563 a.
666 525 748 563 Nos
769 539 804 576 p.
820 529 912 564 316.
935 526 982 564 T.
999 526 1053 564 11.
1076 526 1151 564 vol.
1172 532 1204 564 l.

230 585 445 637 Philippica
477 587 660 631 secunda,
697 586 829 624 ordine
863 587 1040 638 septima,
1068 587 1236 638 Etymol.
1259 587 1317 624 M.
1339 589 1430 625 620.
1451 587 1516 626 47.
1537 589 1630 625 699.

176 649 241 685 33.
263 649 328 685 46.
350 647 621 698 Hermogenes
641 647 701 686 ed.
726 648 850 698 Crisp.
872 662 906 700 p.
930 650 1017 689 178.
1039 651 1130 688 315.
1152 651 1242 687 366.
1273 648 1403 686 Vales.
1424 661 1463 698 p.
1482 650 1572 686 165.
1595 661 1630 685 v.

175 707 275 745 infra
290 708 452 760 Philipp.
470 710 646 760 septima.
667 710 721 748 H.
745 709 877 760 Steph.
900 710 974 748 Th.
991 710 1038 747 L.
1055 710 1106 749 G.
1129 710 1177 749 T.
1192 710 1268 747 ΙΙΙ.
1289 709 1362 747 col.
1378 711 1470 749 457.

231 769 446 820 Philippica
474 771 599 816 tertia,
631 784 733 808 nona
762 771 954 821 Harpocr.
989 772 1028 809 in
1059 771 1265 819 καταβολὴ,
1295 770 1446 808 decima
1466 771 1631 823 Dionys.

178 829 310 868 Halic.
344 844 379 869 v.
409 832 447 868 in
480 832 644 883 Philipp.
667 833 716 869 X.
751 832 901 871 Meurs.
924 833 988 870 De
1010 833 1053 872 F.
1075 833 1121 871 A.
1142 847 1180 883 p.
1203 835 1319 874 1470.
1363 832 1552 872 Valcken.
1582 833 1632 871 ad

179 891 361 930 Ammon.
383 906 418 942 p.
435 896 499 931 39.
524 896 612 932 116.
659 893 807 931 Luisin.
831 893 988 943 Parerg.
1009 893 1035 931 l.
1052 897 1089 932 3.
1127 894 1271 932 Canter
1287 892 1387 931 Nov.
1402 894 1518 932 Lect.
1538 897 1576 932 8.
1592 897 1632 933 2.

177 953 374 993 Maussac.
403 968 442 1004 p.
457 957 548 993 213.
563 958 628 993 24.
657 955 788 992 Vales.
801 969 839 1006 p.
855 958 920 994 26.
951 955 1006 993 H.
1021 955 1156 1006 steph.
1176 955 1250 993 Th.
1264 955 1312 993 L.
1333 954 1384 992 G.
1399 954 1447 992 T.
1477 954 1552 993 col.
1568 958 1633 994 26.

177 1014 232 1052 II.
250 1017 342 1056 700.
371 1016 447 1053 III.
466 1019 582 1055 1600.
613 1016 774 1059 Quintil.
792 1020 829 1056 9.
842 1020 878 1055 4.
912 1017 1103 1068 Hermog.
1123 1018 1210 1058 178.
1230 1018 1422 1058 188.197.
1440 1019 1528 1056 198.
1541 1019 1632 1056 244.

179 1078 269 1115 253.
292 1080 385 1116 254.
405 1080 499 1117 265.
515 1080 607 1116 281.
628 1079 719 1118 287.
740 1081 831 1116 210.
853 1078 940 1129 (sic)
959 1082 1050 1117 334.
1070 1081 1162 1117 342.
1182 1081 1272 1117 348.
1295 1081 1386 1116 366.
1406 1081 1498 1117 416.

232 1138 448 1189 Philippica
468 1146 615 1189 quarta,
638 1139 842 1177 undecima
857 1140 1059 1192 Dionysio.
1081 1140 1157 1178 vid.
1178 1139 1216 1177 in
1233 1139 1304 1177 XI.
1323 1139 1455 1177 habita
1471 1139 1577 1177 CIX.
1595 1143 1634 1179 4.

180 1198 348 1237 Casaub.
378 1200 428 1237 ad
448 1199 644 1252 Theophr.
667 1201 783 1238 Char.
803 1214 842 1252 p.
862 1204 927 1240 95.
984 1201 1154 1253 Etymol.
1176 1201 1236 1239 M.
1255 1204 1347 1240 469.
1366 1204 1406 1240 4.
1437 1200 1634 1240 Maussae.

178 1274 215 1311 p.
235 1264 300 1300 56.
326 1263 420 1300 211.
451 1261 547 1301 Not.
576 1262 627 1300 ad
647 1261 797 1300 Polluc.
816 1265 855 1301 5.
877 1266 967 1302 134.
998 1263 1187 1313 Hermog.
1210 1264 1299 1303 179.
1323 1264 1411 1301 194.
1431 1264 1523 1301 250.
1542 1264 1634 1301 255.

179 1324 272 1361 264.
293 1322 365 1361 biS.
383 1325 475 1362 309.
489 1326 582 1362 311.
611 1323 740 1362 Vales.
759 1337 798 1375 p.
815 1327 903 1363 156.
937 1324 1132 1376 Spanhem
1150 1324 1200 1363 ad
1219 1323 1364 1362 Julian.
1384 1337 1422 1374 p.
1439 1326 1528 1363 169.

234 1382 453 1435 Philippica
470 1385 603 1436 quinta
623 1386 680 1422 “A
697 1386 767 1436 μὲν
792 1388 898 1436 ἡμεῖς
918 1393 995 1425 etc.
1054 1387 1172 1437 Apud
1187 1386 1352 1437 Dionys.
1374 1385 1504 1424 Halic.
1521 1398 1634 1424 voca·

180 1451 243 1481 tur
275 1445 359 1491 ἕκτη
384 1452 456 1483 τῶν
486 1448 579 1483 κατὰ
605 1449 786 1497 φιλίππου
816 1447 1060 1498 δημηγοριῶν,
1092 1447 1161 1486 sed
1188 1448 1267 1499 leg.
1289 1452 1437 1499 πέμπτη
1463 1454 1507 1485 ut
1531 1452 1639 1499 patet

181 1518 232 1543 ex
255 1504 312 1550 iis,
326 1519 415 1555 quae
433 1507 514 1557 ipse
533 1507 741 1558 subjungit.
797 1507 881 1555 Nos
901 1508 950 1546 ad
969 1509 1106 1548 seriem
1125 1517 1334 1561 praetorum
1360 1509 1398 1546 in
1418 1509 1479 1547 ed.
1500 1507 1638 1547 Wolfi-

180 1579 254 1604 ana
270 1566 421 1605 Schott.
440 1568 503 1605 vit.
525 1568 642 1606 Dem.
663 1569 713 1605 ad
729 1569 885 1619 Olymp.
904 1574 992 1606 108.
1009 1573 1047 1607 2.
1104 1571 1191 1607 The
1211 1572 1359 1618 subject
1373 1570 1420 1607 of
1431 1570 1460 1607 it
1474 1570 1638 1621 Dionys.

178 1627 270 1668 ibid.
295 1630 376 1679 περὶ
399 1638 465 1674 τῆς
496 1632 663 1679 φυλακῆς
694 1635 769 1666 etc.
800 1628 932 1666 habita
952 1629 1109 1679 Olymp.
1132 1629 1281 1668 CVIII.
1301 1632 1339 1667 2.
1386 1630 1583 1681 Harpocr.
1601 1644 1639 1669 v.

175 1689 347 1729 Διοικεῖν.
369 1690 559 1728 Valcken.
577 1690 628 1728 ad
645 1691 826 1727 Ammon.
849 1704 887 1741 p.
904 1692 993 1731 171.
1016 1690 1187 1742 Etymol.
1203 1691 1264 1729 M.
1277 1693 1370 1730 224.
1386 1692 1451 1733 47.
1463 1695 1557 1731 404.
1571 1696 1637 1733 53.

180 1751 310 1790 Vales.
330 1754 447 1802 p.84.
511 1752 513 1755 '

233 1812 451 1863 Philippica
473 1819 598 1858 sexta,
624 1812 717 1850 alias
737 1813 786 1850 de
805 1825 914 1863 pace,
936 1813 1067 1864 Etym.
1089 1812 1148 1851 M.
1170 1815 1261 1854 254.
1281 1816 1348 1853 26.
1377 1814 1576 1854 Maussac.
1596 1829 1636 1867 p.

181 1876 274 1913 266.
297 1873 448 1912 Schott.
470 1874 537 1911 vit.
559 1874 677 1911 Dem.
694 1874 744 1911 ad
765 1873 923 1926 Olymp.
946 1878 1035 1914 108.
1051 1878 1089 1913 3.

232 1935 452 1987 Philippica
470 1936 647 1987 septima,
666 1936 783 1975 hodie
803 1937 989 1983 secunda,
1008 1937 1179 1989 Etymol.
1196 1937 1256 1977 M.
1269 1939 1361 1979 734.
1376 1940 1441 1977 24.
1460 1941 1552 1977 418.
1571 1940 1639 1980 47.

181 1996 331 2034 Habita
348 1997 507 2049 Olymp.
527 1997 635 2036 CIX.
654 2005 686 2036 1.
708 1998 938 2049 Hegesippi.
955 2012 989 2036 v.
1005 1999 1112 2037 Suid.
1129 2007 1169 2037 et
1185 2000 1317 2051 Etym.
1333 2000 1638 2048 ν.Ὴ-γὴσιππος.

181 2059 262 2097 Sed
278 2059 458 2098 videntur
476 2059 524 2098 de
545 2059 645 2097 Phil.
671 2067 809 2099 octava
837 2061 954 2111 loqui,
981 2061 1060 2099 sive
1087 2061 1135 2100 de
1155 2075 1214 2108 ea,
1235 2076 1322 2114 quae
1348 2062 1569 2101 inscribitur
1588 2063 1638 2102 de

181 2119 397 2159 Haloneso.
418 2121 550 2160 Vales.
570 2135 608 2172 p.
626 2122 716 2163 176.
773 2122 927 2160 Initium
947 2123 1039 2162 ὅταν
1059 2140 1086 2160 ω
1105 2124 1237 2175 ἄνδρες
1257 2131 1329 2162 etc.
1358 2124 1459 2175 Arg.
1476 2137 1520 2162 or
1535 2124 1640 2163 Title

180 2182 272 2232 πρὸς
291 2185 357 2225 τὰς
378 2183 418 2219 ἐκ
433 2182 726 2229 Πελοποννήσου
752 2183 971 2234 πρεσβείας.
1002 2185 1163 2236 Dionys.
1187 2186 1316 2224 Halic.
1337 2186 1388 2224 ad
1404 2187 1637 2226 Ammaeum.

181 2242 378 2294 Harpocr.
394 2257 430 2282 v.
448 2244 700 2292 Ἡγήσιππος,
720 2244 858 2283 Suidas
877 2252 917 2283 et
932 2245 1092 2284 Kuster.

234 2304 453 2356 Philippica
481 2311 631 2352 octava,
653 2305 703 2343 de
726 2305 928 2345 Haloneso
950 2311 1064 2356 juxta
1084 2307 1248 2359 Dionys.
1273 2308 1412 2347 eadem
1437 2317 1509 2348 est.
1567 2309 1636 2349 Se-

184 2366 351 2403 cundum
372 2366 577 2404 Libanium
603 2367 744 2405 rectius
772 2368 994 2407 inscribitur
1021 2369 1110 2420 πρός
1141 2373 1207 2416 τὴν
1226 2371 1426 2416 ἐπιστολὴν
1444 2374 1639 2417 φιλίππου.

183 2426 333 2465 Habita
353 2428 457 2466 CIX.
479 2431 517 2466 2.
561 2428 757 2466 Maussac.
778 2442 817 2480 p.
839 2433 904 2469 99.
924 2429 990 2468 lin.
1012 2434 1074 2469 12.
1105 2431 1297 2482 Harpocr.
1320 2432 1451 2470 vales.
1481 2446 1517 2483 p.
1548 2437 1636 2472 104.

183 2488 415 2540 Principium
426 2489 586 2540 ’'Avffipeg
606 2489 782 2536 α’ἓηναῖοι
801 2493 864 2529 οὐκ
883 2491 983 2530 ’ἐστιν
1002 2493 1114 2536 ὅπως.
1172 2493 1372 2531 Adversus
1393 2493 1559 2545 Philippi
1579 2495 1634 2533 le-

182 2556 305 2601 gatos.
335 2550 499 2602 Dionys.
519 2551 569 2588 ad
590 2553 822 2592 Ammaeum.
846 2553 995 2594 Schott.
1015 2555 1066 2593 ad
1086 2555 1242 2606 Olymp.
1262 2558 1351 2594 109.
1372 2558 1410 2593 2.

237 2610 454 2662 Philippica
483 2625 597 2650 nona.
654 2613 804 2651 Eadem
833 2622 893 2652 est
925 2615 973 2653 de
1007 2616 1277 2654 Cherrhoneso
1312 2615 1473 2666 Dionys.
1506 2616 1636 2656 Halic-

186 2672 320 2710 Schol.
338 2673 504 2710 Androt.
523 2687 559 2724 p.
579 2676 671 2712 291.
688 2675 750 2712 od.
770 2675 903 2714 Lutet.
924 2690 960 2715 v.
982 2677 1146 2728 Philipp.
1168 2677 1334 2715 tertiam.
1363 2677 1491 2715 Vales.
1512 2691 1549 2729 p.
1570 2681 1635 2718 23.

183 2737 249 2773 51.
269 2737 334 2772 84.
358 2737 445 2773 121.
470 2738 559 2774 155.
579 2739 667 2774 165.
709 2736 847 2775 Suidas
867 2738 905 2776 in
925 2740 1102 2788 κατάγειν
1122 2746 1297 2777 octavam
1316 2738 1450 2777 laudat
1471 2739 1636 2792 Philipp.

184 2796 311 2834 locum
332 2809 380 2835 ex
396 2796 468 2836 hac
484 2797 654 2835 oratione
670 2798 867 2849 produxit.
912 2800 1061 2840 Habita
1076 2800 1233 2853 Olymp.
1256 2801 1362 2839 CIX.
1384 2805 1420 2840 3.
1444 2802 1636 2854 Harpocr.

188 2870 222 2896 v.
247 2859 365 2901 ἔθνος.
389 2858 535 2897 Meurs.
561 2860 609 2896 A.
631 2859 678 2897 L.
699 2863 735 2899 3.
756 2864 816 2900 15.
