1824 3171
414 202 965 250 ΟΛῪΝΘΙΑΚΟΣ
1028 203 1084 244 Γ.
1121 192 1248 262 ’(Β.)

1483 194 1555 246 63

107 320 355 373 Φίλιππον.
395 315 650 392 ἐπράξαμεν
675 318 795 385 ἡμεῖς
822 316 1014 369 uolnerum
1044 319 1154 390 πρός
1177 316 1295 385 ἡμᾶς
1321 315 1488 383 εἰρήνην·
1512 316 1560 377 ἦν

108 395 242 446 τοῦτο
274 391 419 458 ὥςπερ
462 387 731 460 ἐμπόδια-μα’
765 414 808 442 τι
850 392 916 457 τῷ
950 388 1179 456 Φιλίππῳ
1219 388 1298 440 καὶ
1337 387 1563 463 δυσχερές,

108 467 241 519 πόλιν
266 465 473 535 μεγάλην
498 464 693 539 ἐφορμεῖν
727 473 819 523 τοῖς
850 464 1009 515 ἑαυτοῦ
1034 473 1212 538 καιροῖς,
1241 461 1564 532 διηλλαγμένην

108 540 216 615 πρδς
241 540 376 609 ἧμὲἷς.
416 537 744 608 ἐκπολεμῶσαι
774 536 854 590 δεῖν
881 537 1068 608 ᾠόμεθα
1095 536 1197 596 τούς
1225 536 1481 611 ανθρώπους
1516 534 1565 587 ἐκ
1584 553 1635 587 43

105 637 239 667 amicitia
269 641 352 666 certe
381 641 499 671 auctos,
522 646 698 675 oppugnare
727 635 821 665 fuisse

107 680 234 710 ausum?
257 679 317 708 Sed
335 679 405 718 quia
422 679 470 708 via
486 679 643 708 tritissima
658 678 822 714 tutissima,

107 723 291 753 retineamus
305 723 396 761 vulgo
410 728 563 760 receptam
577 723 749 751 lectionem.
768 722 823 750 Est

108 770 207 796 autem
223 764 332 805 θαρρεῖν
347 765 421 799 τιιὲ,
436 775 505 793 cnm
522 764 824 803 accusativo,fidere,

108 817 138 838 ⁵8
152 808 243 838 alicui
259 818 370 846 parem,
386 813 439 836 aut
459 809 545 837 etiam
562 807 824 846 superioretnjbre,

109 861 170 881 non
195 856 333 880 metuere.
377 850 467 880 Plato
491 851 521 880 in
545 851 698 879 Phaedro:
722 849 755 879 τὸ
771 851 824 890 γὰρ

110 894 233 924 τοιοῦτον
247 896 338 932 σῶμα.
354 893 505 933 (loquitur
518 898 617 922 autem
635 894 673 922 de
690 893 825 932 corpori-

110 937 170 966 bus
184 936 215 966 in
232 937 294 965 otio
318 941 347 965 et
366 937 470 965 umbra
486 936 641 975 educatis)
658 934 683 964 ἐν
698 934 826 974 πολέμῳ

113 989 146 1008 τε
161 978 208 1007 καὶ
224 979 328 1012 ἄλλαις
350 976 469 1018 χξείοιις,
492 978 554 1008 ἴσαι
577 979 719 1017 μεγάλαι,
736 979 756 1007 οῖ
773 977 827 1016 μὲν

114 1020 214 1062 ἐχθροὶ
226 1021 380 1061 θαρροῦσιν,
394 1021 416 1050 οἱ
433 1021 460 1050 δὲ
477 1020 552 1061 φίλοι
566 1021 613 1050 καὶ
629 1021 707 1050 αὐτοὶ
724 1021 745 1049 οἳ
765 1019 827 1061 ἔροι-

115 1065 186 1094 evat
197 1063 346 1101 φοβοῦνται
355 1074 363 1093 z
373 1063 403 1092 id
415 1070 475 1093 est:
486 1063 637 1102 Ejusmodi
650 1073 752 1101 corpus
764 1068 828 1092 tum

114 1108 147 1136 in
163 1106 246 1142 bello,
263 1112 326 1136 tum
339 1107 406 1136 aliis
418 1107 539 1147 negotiis
551 1107 665 1140 arduis,
680 1107 716 1135 ab
731 1107 828 1136 inimi-

113 1151 157 1180 cis
183 1151 390 1183 contemnitur,
412 1152 517 1179 amicos
541 1159 616 1184 vero,
646 1154 732 1188 atque
758 1150 830 1188 ipsos

115 1197 257 1222 amatores
285 1192 407 1222 solicitos
437 1192 533 1221 habet.
590 1192 677 1221 Idem
707 1190 830 1220 θάνατον

115 1233 236 1274 θοιῤῥεῖν,
268 1245 326 1264 non
361 1234 555 1276 reformidare
590 1239 720 1263 mortem.
779 1234 830 1263 Sic

116 1276 227 1317 θαρρεῖν
241 1278 288 1307 την
302 1277 415 1317 μάχην,
434 1276 536 1318 Θαῤῥεῖν
557 1275 659 1310 τέπους
676 1275 831 1309 ὑπόπτως.

117 1318 225 1360 θαρρεῖν
247 1319 299 1349 τινὶ
321 1330 389 1349 cum
406 1321 524 1356 dativo,
540 1325 585 1349 est
600 1320 698 1359 aliquo
711 1318 833 1359 fretum

116 1371 181 1398 esse,
196 1363 287 1392 alicui
301 1362 456 1402 cmfidere.
487 1363 656 1401 Ulpianus:
682 1363 715 1392 Οἱ
731 1363 834 1396 Φωκεῖς

118 1403 274 1445 ἐθάῤῥησαν
285 1405 327 1442 τᾷἳ
340 1405 485 1435 Μακεδόνι.
519 1407 560 1435 Et
576 1406 812 1443 Chrysostomus
827 1415 835 1433 t

121 1447 200 1477 οὐδενὶ
213 1448 320 1478 τούτων
342 1446 482 1489 ἐθάρρησεν
502 1449 538 1482 εἷς
561 1447 697 1488 σωτηρίαν
716 1451 770 1478 τῶν
793 1448 838 1477 ἀν-

121 1489 244 1530 θρώπων.
270 1490 386 1520 Wom.
433 1492 546 1521 Omnes
561 1491 650 1530 hujus
667 1491 728 1520 loci
746 1491 838 1520 inter-

121 1539 226 1572 pretes
240 1542 298 1561 uno
315 1543 367 1563 ore
381 1534 411 1563 in
428 1544 496 1563 eum
509 1544 628 1564 sensum
645 1533 840 1563 consentiunt

123 1586 214 1614 quem
232 1576 366 1606 wolfius
382 1576 514 1606 alienum
537 1582 622 1615 putat
637 1587 644 1605 ε
668 1576 840 1615 omniaque,

120 1629 189 1657 quae
213 1619 335 1657 quidem
359 1619 436 1654 vidi,
456 1619 648 1658 exemplaria
669 1619 784 1652 τούτους
808 1623 840 1648 et

121 1660 277 1691 Φίλιππον
291 1662 444 1692 exhibent.
491 1662 540 1692 De
552 1661 687 1691 lectione
704 1672 838 1701 pugnare

121 1704 233 1741 nolim3
259 1704 296 1733 de
314 1715 403 1734 sensu
417 1705 489 1739 loci,
506 1705 773 1744 persuasissimum
790 1714 838 1734 me

121 1747 230 1782 habeo,
255 1757 322 1776 enm
350 1747 389 1777 de
412 1752 515 1777 mutua
532 1747 670 1787 Philippi
694 1752 724 1776 et
741 1747 839 1785 Olyn-

122 1789 252 1819 thiorum
266 1789 436 1819 diffidentia
444 1790 676 1829 intelligendum
691 1800 770 1823 esse,
781 1799 839 1818 nou

78 1866 86 1875 ·
122 1833 162 1862 de
186 1831 311 1872 paribus
332 1837 530 1871 utrorumque
553 1833 682 1865 vitibus,
707 1832 784 1860 adeo
809 1836 841 1859 ut

122 1885 220 1913 neque
239 1874 400 1913 Philippus
415 1874 592 1913 Olynthios,
609 1883 706 1912 neque
723 1873 754 1902 hi
766 1872 841 1902 Phi-

123 1917 240 1958 lippum
265 1917 392 1957 aggredi
415 1918 572 1948 auderent.
619 1920 648 1945 1.
673 1917 720 1945 01)
743 1916 840 1954 ipsam

125 1961 271 1990 rationem
294 1970 383 1998 quam
408 1960 541 1989 VVoltius
568 1959 682 1993 attulit,
713 1968 842 1997 qumque

126 2003 207 2033 haud
221 2002 363 2041 equidem
374 2002 466 2031 video
478 2002 630 2039 quomodo
643 2000 721 2030 dilui
734 2001 842 2039 possit.

127 2048 160 2076 2.
184 2044 335 2081 Quoniam
351 2044 411 2074 isto
425 2049 562 2083 tempore
575 2044 632 2073 hoc
646 2043 737 2073 modo
750 2053 784 2072 se
796 2053 844 2073 res

128 2088 308 2118 habuerunt.
347 2086 486 2126 Olynthii
502 2085 578 2115 socii
593 2091 679 2115 eraut
696 2085 844 2124 Philippi,

130 2139 261 2169 cumque
273 2139 309 2159 eo
323 2134 427 2159 contra
442 2129 647 2159 Athenienses
661 2129 846 2167 pugnabant.

130 2172 248 2203 Postea
261 2182 330 2201 eum
351 2177 527 2210 suspectum
543 2172 658 2201 habere
674 2175 846 2210 coepernnt,

131 2225 200 2245 cum
217 2215 299 2254 quod
315 2215 448 2245 celerem
463 2216 531 2253 ejus
554 2214 699 2254 potentiae
716 2214 848 2253 amplifi-

131 2257 283 2288 cationem
300 2262 332 2286 et
348 2268 500 2296 magnam,
519 2262 582 2287 tum
609 2257 690 2296 quod
716 2262 847 2286 mentem

131 2302 199 2340 ejus
214 2301 335 2330 infidam
349 2311 383 2330 ac
396 2301 534 2330 fallacem
546 2311 615 2329 esse
626 2299 849 2339 perspicerent.

133 2345 242 2382 ltaque
264 2354 333 2373 cum
347 2344 437 2383 longe
455 2343 541 2372 illurn
565 2344 674 2372 abesse
699 2343 850 2377 viderent,

133 2385 237 2416 missis
261 2387 397 2416 Athenas
423 2387 543 2425 legatis,
565 2390 671 2415 contra
690 2386 851 2424 pactiones

134 2439 204 2458 cum
224 2428 366 2468 Philippo
382 2429 485 2465 initas,
498 2429 662 2468 separatim
677 2439 744 2458 cum
755 2429 851 2458 Athe-

135 2472 293 2501 niensibus
315 2482 419 2511 pacem
446 2472 552 2501 iniere.
599 2473 713 2502 Contra
730 2471 852 2510 Philip-

135 2525 195 2554 pus
212 2514 280 2554 (qui
296 2520 380 2544 certe
395 2515 454 2544 hoc
479 2515 578 2553 ipsum
603 2525 661 2543 non
690 2514 852 2552 suspicari,

135 2558 269 2596 ideoque
279 2557 492 2597 Olynthiorum
506 2556 646 2586 societati
659 2566 765 2595 parum
782 2566 853 2586 con-

137 2600 243 2635 fidere,
261 2610 319 2629 non
341 2600 489 2639 poterat),
506 2610 572 2629 cum
589 2600 680 2637 longo
697 2600 759 2637 jam
780 2604 856 2629 tem-

136 2652 214 2682 pore
231 2642 423 2673 occasionem
436 2653 490 2672 eos
506 2642 672 2672 invadendi
687 2642 746 2671 sibi
763 2651 856 2681 cupe-

139 2689 188 2714 ret
203 2685 326 2716 offerri:
352 2691 415 2715 tum
440 2695 505 2715 eam
530 2691 650 2719 nactus,
676 2685 768 2724 qnod*
783 2684 857 2714 belli

141 2728 302 2767 pactiones
319 2740 337 2758 v
355 2729 502 2764 olassent,
515 2734 624 2758 etcum
641 2728 707 2766 ejus
721 2728 859 2757 hostibus

142 2770 305 2800 amicitiam
329 2772 446 2802 foedere
467 2771 654 2806 sanxissent,
678 2771 790 2801 bellum
815 2770 859 2799 eis

143 2811 259 2842 intulit.
303 2814 412 2844 Liban.
428 2814 458 2843 in
478 2815 551 2852 Arg.
567 2814 605 2844 ad
619 2813 745 2853 Olynth.
765 2812 860 2851 Equi-

141 2854 214 2884 dem
233 2856 325 2886 credo
341 2857 593 2892 Demosthenem,
609 2856 795 2886 Hebraismo
810 2856 861 2885 hic

145 2906 248 2931 usum,
261 2902 398 2928 neutrum
415 2909 470 2938 pro
485 2900 587 2930 activo
603 2899 765 2938 posuisse3
780 2898 860 2938 qnod

146 2943 248 2969 tamen
273 2939 302 2969 in
325 2942 420 2971 verbo
442 2941 542 2982 Θαρῥέω
564 2943 644 2972 haud
661 2942 733 2972 alibi
748 2942 861 2972 factum

147 2981 226 3012 vidi.
259 2982 293 3012 Si
309 2983 397 3014 aliter
411 2985 512 3016 doctis
528 2985 627 3016 visum
646 2985 749 3021 fuerit,
763 2984 866 3025 potius
902 2984 1098 3024 Olynthiaca,
1111 2984 1162 3015 νυνὶ
1177 2986 1231 3026 γὰρ
1245 2981 1258 3012 3
1273 2982 1377 3014 πάντες
1392 2977 1566 3020 εθςιιλλεῖτι,
1581 2987 1617 3010 fle

856 641 960 667 contra
985 637 1124 666 codicum
1141 636 1230 665 fidem
1247 635 1358 670 τούτοις
1373 640 1403 665 et
1419 633 1569 673 Φιλίππῳ

857 679 1087 709 rescribendum
1111 679 1264 715 duxerim,
1280 689 1368 717 quam
1388 678 1570 708 Demosthe-

856 732 922 751 nem
938 722 968 751 id
986 722 1068 760 quod
1090 726 1120 752 et
1144 722 1252 751 salsum
1277 726 1307 751 et
1330 721 1494 751 absurdum
1512 724 1570 755 est,

857 765 1027 804 praesertiui
1051 765 1080 794 in
1107 776 1138 794 re
1162 769 1222 793 tam
1247 769 1387 794 recenter
1406 764 1499 798 facta,
1523 762 1572 792 di-

857 808 952 837 xisse.
966 808 1108 837 Moum.
1133 807 1234 846 Neque
1245 806 1401 846 Philippus
1415 806 1470 841 his,
1482 815 1573 844 neque

859 851 890 880 hi
908 850 1044 889 Philippo
1059 850 1250 890 conficiebant.
1297 850 1383 879 Bene
1399 849 1477 878 enim
1495 847 1574 878 vidit

859 895 982 923 Mount.
1005 894 1069 922 haec
1085 894 1123 922 de
1139 897 1245 922 mutua
1261 892 1400 932 Philippi
1424 897 1454 921 et
1477 891 1574 932 Olyn-

859 937 989 966 thiorum
1005 936 1184 971 diffidentia,
1195 940 1226 965 et
1239 946 1296 965 non
1308 936 1346 965 de
1360 939 1464 964 mutuo
1479 938 1574 968 metu,

860 989 930 1008 esse
957 979 1157 1017 accipienda3
1190 989 1289 1017 neque
1317 988 1390 1007 vero
1420 981 1467 1007 est
1492 976 1576 1016 quod

860 1032 928 1051 cum
945 1021 1064 1051 Wolfio
1079 1021 1188 1054 τούτοις
1210 1025 1240 1050 et
1262 1021 1411 1058 Φιλίππῳ
1426 1020 1577 1058 legamus,

862 1065 925 1094 vid.
941 1065 1024 1094 Xen.
1042 1066 1114 1103 Cyr.
1130 1065 1167 1093 V.
1184 1066 1216 1099 5,
1235 1066 1285 1094 13.
1299 1063 1342 1093 ἱνα
1357 1073 1390 1092 σε
1406 1063 1452 1092 καὶ
1468 1061 1577 1103 θαρσή-

862 1119 960 1143 ο-ωσιν,
976 1113 1050 1137 utet
1066 1107 1118 1136 tibi
1133 1108 1293 1147 confidant.
1332 1106 1395 1136 Cir.
1408 1106 1515 1135 Thom.
1532 1105 1579 1134 M.

864 1161 888 1180 s.
907 1150 999 1190 θαῤῥῶ
1018 1149 1093 1188 ibiq.
1118 1150 1237 1179 Sallier.
1254 1155 1285 1180 et
1302 1148 1401 1178 Bekk.
1419 1148 1538 1178 Anecd.
1550 1148 1578 1177 Ι.

863 1204 895 1233 p.
916 1196 986 1222 148.
1009 1192 1137 1222 Romo.

906 1234 1087 1275 Ἐπξίιξαμεν
1106 1235 1202 1275 ἡμεῖς]
1236 1235 1270 1264 S.
1288 1234 1384 1274 εἰξήνην
1396 1231 1471 1273 «πρὸς
1486 1232 1581 1263 Ὀλυν·

865 1277 944 1312 Θίους.
989 1278 1266 1312 Considerandum,
1282 1282 1381 1307 utrum
1397 1275 1431 1305 τὸ
1446 1276 1584 1313 πράττειν

867 1321 973 1362 εἰρήνην,
991 1321 1032 1350 sit
1047 1321 1140 1356 idem,
1157 1322 1238 1359 quod
1254 1321 1338 1350 ποιεῖν
1351 1319 1398 1348 mi
1415 1317 1581 1348 συνθέσθαιε

868 1375 903 1394 an
926 1374 1001 1393 vero
1017 1362 1050 1393 τὸ
1073 1363 1271 1404 μηχανᾶσθαι
1297 1362 1458 1401 significet,
1475 1362 1507 1391 id
1525 1364 1585 1395 est,

871 1407 992 1436 callidis
1005 1407 1174 1436 rationibus
1184 1417 1289 1445 pacem
1303 1416 1372 1435 esse
1383 1404 1586 1438 conciliatam.

873 1460 940 1479 cum
958 1449 1069 1479 bellum
1087 1450 1167 1479 inter
1189 1460 1244 1478 eos
1267 1447 1508 1482 intercessisset,
1524 1446 1588 1476 ani-

873 1493 932 1522 mis
957 1492 1099 1531 utrinque
1121 1491 1333 1522 exulceratis?
1364 1492 1487 1520 Wom.
1532 1489 1589 1518 vi-

873 1536 965 1565 detur
981 1535 1090 1565 deesse
1107 1533 1171 1575 πρὸς
1191 1533 1313 1567 ἐκείνους.
1339 1534 1479 1562 Auem.
1525 1531 1589 1561 Per

873 1577 1038 1619 ἐπράξαμεν
1061 1577 1196 1607 innuitur
1212 1577 1324 1606 callida
1347 1575 1436 1610 ratio,
1452 1585 1511 1613 qua
1526 1575 1591 1603 haec

873 1632 935 1660 pax
953 1627 1001 1650 est
1018 1621 1107 1650 sacta.
1154 1620 1262 1649 Liban.
1278 1628 1342 1657 arg.
1358 1618 1484 1656 Olynth.
1498 1615 1595 1657 (ΙΙΙ.)

874 1666 901 1695 Ι.
927 1665 1010 1693 Plut.
1033 1663 1099 1692 Cic.
1124 1665 1176 1693 38.
1209 1662 1591 1701 Πομπήῖος--πςάττων

875 1706 955 1744 αὐτῷ
966 1704 1124 1745 (Κικέρωνι)
1137 1704 1257 1733 κάθοδον.
1284 1703 1413 1732 Romo.

909 1747 962 1777 ’Ἦν
973 1749 1057 1776 τοῦτο
1069 1747 1165 1785 ὥσπερ
1179 1745 1368 1784 ἐμπόδια-μοι]
1393 1746 1494 1780 Τοῦτο,
1505 1743 1593 1782 'riyoun

874 1790 907 1818 τὸ
921 1791 1053 1827 μεγάλην
1068 1788 1160 1823 πόλιν,
1183 1787 1389 1826 διηλλαγμένην
1410 1786 1484 1827 πρὸς
1506 1788 1596 1826 ἡμᾶς,

874 1833 938 1865 τοὺς
969 1829 1104 1869 Φιλίππῳ
1135 1831 1351 1869 πολεμοῦντας,
1381 1829 1508 1868 ἐφορμεῖν
1537 1830 1596 1862 τοῖς

874 1875 977 1914 καιροῖς
998 1874 1096 1908 αὐτοῦ,
1121 1871 1150 1903 ’ἧν
1172 1873 1275 1913 ὥσπερ
1298 1872 1475 1911 ἐμπόδια-μά
1496 1883 1526 1901 τι
1549 1871 1598 1900 καὶ

876 1916 1012 1958 δυσχερὲς
1029 1916 1174 1954 Φιλίππῳ.
1198 1916 1257 1946 Sed
1272 1916 1436 1955 Philippus
1450 1925 1508 1944 non
1521 1913 1599 1943 mul-

876 1965 909 1989 to
925 1963 1008 1999 post,
1024 1959 1056 1988 τό
1071 1958 1247 1998 ἐμπόδισμα-
1267 1957 1390 1988 ἐκποδὼν
1403 1956 1529 1988 ἐποίησεν
1545 1958 1600 1986 de-

877 2003 940 2031 leta
956 2002 1111 2040 Olyntho:
1137 2011 1204 2030 cum
1223 2001 1346 2040 quidem
1367 2000 1457 2039 prius
1484 2000 1600 2029 denun—

877 2045 988 2074 tiasset
1013 2045 1146 2079 civibus,
1172 2048 1224 2074 aut
1250 2044 1312 2073 illis
1335 2042 1474 2082 Olynthi,
1491 2045 1543 2072 aut
1558 2042 1600 2071 si·

879 2087 909 2116 bi
940 2086 971 2115 in
999 2087 1185 2116 Macedonia
1211 2096 1271 2116 non
1300 2087 1365 2115 sore
1391 2085 1600 2117 habitandum-

880 2131 1002 2160 &Vena

922 2170 1068 2212 Ἐφορμεῖν
1090 2171 1151 2204 τοῖς
1173 2170 1272 2200 ἑαυτοῦ
1296 2170 1415 2210 καιροῖς]
1451 2169 1549 2206 Quasi
1573 2169 1602 2198 in

881 2215 1042 2254 procinctu
1059 2217 1139 2242 stare
1156 2214 1194 2243 ad
1217 2215 1285 2252 ejus
1309 2213 1490 2243 occasiones
1505 2212 1602 2251 impe-

883 2257 1032 2287 diendas:
1062 2261 1199 2295 paratam
1225 2266 1295 2285 esse
1320 2256 1360 2285 ad
1389 2256 1490 2294 ipsum
1519 2255 1604 2285 inva-

884 2300 1030 2335 dendum,
1055 2299 1152 2328 sicubi
1182 2299 1366 2338 impegerit:
1399 2302 1523 2338 captare
1551 2307 1606 2336 op-

884 2343 1100 2384 portunitatem
1119 2342 1268 2372 adversus
1283 2342 1404 2381 ipsum:
1429 2342 1459 2370 in
1475 2340 1605 2370 statione

885 2396 971 2416 esse:
996 2384 1166 2423 Polybius:
1190 2384 1292 2417 στόλος
1315 2383 1440 2424 ἐφορμῶν
1465 2383 1531 2417 ταῖς
1555 2381 1606 2413 τοῦ

885 2428 1039 2459 Φιλίππου
1069 2426 1228 2462 {nicoma
1260 2428 1368 2458 IDEM.
1421 2426 1502 2456 Illud
1530 2426 1552 2455 i.
1575 2436 1606 2464 q.

886 2471 1031 2512 ἐφεδρεύειν
1045 2470 1237 2511 (Harpocr.)
1252 2480 1305 2499 seu
1318 2469 1458 2509 ἐπιτηρεῖν
1469 2467 1608 2508 (Schol.)

887 2515 918 2544 in
936 2514 1066 2543 statione
1086 2524 1154 2543 esse
1176 2518 1207 2543 et
1223 2513 1352 2551 vigilare
1365 2511 1505 2552 (naves),
1519 2515 1565 2545 ut,
1581 2510 1608 2540 si

887 2558 992 2587 hostes
1018 2562 1177 2595 opportuno
1200 2561 1339 2595 tempore
1363 2555 1422 2585 sibi
1448 2555 1610 2584 videantur

889 2600 947 2635 nti,
964 2600 1021 2628 hou
1041 2599 1141 2638 ipsum
1157 2599 1209 2629 fiat
1226 2599 1360 2638 iniquum
1375 2603 1408 2628 et
1421 2598 1602 2631 insidiosum,

889 2652 957 2672 nam
973 2642 1056 2682 καιροὶ
1072 2641 1174 2672 Schol.
1191 2642 1274 2680 expl.
1291 2641 1490 2682 ἀτυχήματα,
1502 2648 1609 2669 neces-

892 2686 1010 2720 sitates,
1024 2684 1135 2723 quibus
1146 2685 1214 2723 quis
1226 2684 1393 2723 premitur:
1418 2684 1447 2713 in
1459 2682 1610 2713 Aristocr.

894 2729 969 2762 666,
987 2730 1036 2758 18.
1054 2728 1137 2767 ὑμεῖς
1153 2726 1333 2757 ἐποιήσασθε
1348 2726 1373 2757 ’έν
1389 2737 1451 2756 τισι
1467 2724 1611 2763 καιροῖς

893 2769 1101 2810 Ἀριοβαρζάνην
1130 2768 1257 2800 πολίτην.
1303 2769 1517 2807 Διηλλάγμ.
1546 2764 1609 2794 vid·

895 2814 933 2843 ad
950 2813 1078 2852 Olynth.
1101 2814 1148 2843 ΙΙ.
1178 2812 1242 2852 (Ι).
1266 2812 1292 2851 §.
1308 2813 1338 2841 ά.
1363 2811 1490 2841 Riimc.
1537 2806 1609 2835 Vid-

898 2855 1060 2886 D'Orville
1084 2856 1249 2885 Animadv.
1272 2855 1309 2884 ad
1332 2854 1447 2884 charit.
1469 2848 1610 2889 Aphrod-

896 2899 917 2928 l.
930 2899 997 2929 111.
1013 2909 1040 2928 c.
1058 2898 1135 2927 VII.
1147 2909 1178 2937 p.
1196 2900 1271 2929 318.

939 2940 1177 2982 Ἐκπολεμῶσαι]
1201 2941 1253 2970 Sic
1271 2937 1369 2978 prima
1394 2934 1509 2987 [tertia.
1523 2933 1551 2973 ᾗ.
1565 2932 1615 2973 δί]
