1824 3171
189 133 295 161 cxxx
528 118 602 156 IO.
631 116 882 156 TAYLORI
914 117 1352 158 PROLEGOMENA

189 223 268 274 περὶ
289 224 512 273 συμμοριῶν,
531 221 669 274 prima,
691 235 806 274 quam
824 223 969 269 habuit,
988 223 1136 261 concio.
1166 222 1284 262 Dion.
1304 223 1360 262 H.
1406 221 1568 261 Rectius
1583 222 1645 260 in·

190 284 425 324 scriberetur
453 285 533 334 περὶ
561 281 786 330 βασιλικῶν,
806 292 848 322 ut
869 284 1033 336 Dionys.
1054 283 1184 322 Halic.
1204 291 1244 322 et
1263 284 1378 323 Dem.
1400 284 1449 322 de
1472 282 1644 321 Rhodio·

188 359 271 384 rum
291 345 482 382 libertate.
538 344 691 382 Bellum
711 346 912 383 Phocense
933 346 1011 383 sive
1031 358 1183 383 sacrum
1211 346 1369 397 Olymp.
1392 345 1498 384 CVI.
1529 348 1566 383 2.
1583 344 1645 382 Eo

193 417 368 458 tempore
387 406 559 445 nondum
571 407 621 446 ad
634 421 752 459 remp.
767 408 942 446 accessit.
956 407 1005 445 de
1022 419 1177 445 corona.
1208 407 1269 445 Ad
1289 407 1472 459 populum
1483 407 1648 458 primum

195 471 315 508 verba
342 469 503 515 faciens,
524 469 601 508 risu
624 469 815 520 excipitur
834 475 874 506 et
893 468 1073 513 tumultu,
1095 469 1145 506 ob
1165 468 1406 507 insolentiam
1426 468 1650 519 pronuncia-

195 531 322 577 tionis,
355 530 461 568 vocis
497 530 816 575 imbecillitatem,
851 530 993 580 linguae
1028 529 1224 581 ἀσάφειαν.
1273 530 1466 567 Plutarch.
1487 529 1526 567 in
1545 529 1652 567 Vita.

197 593 272 631 His
292 594 361 630 bad
377 598 515 630 accent-
545 593 761 642 νεωτερίζων
781 598 855 629 etc.
911 590 1143 637 Ἀσκληπίον
1163 603 1232 641 pro
1250 591 1498 637 Ἀσκλήπιον.
1544 589 1651 628 Plut.

196 656 246 693 de
266 655 315 692 X.
336 661 432 692 orat.
453 666 590 691 novam
609 652 957 704 pronuntiationem
977 651 1162 690 affectans
1181 652 1229 690 ab
1248 652 1396 690 Athen.
1417 650 1653 702 exagitatur.

201 716 286 756 Cic.
316 715 353 752 in
382 720 547 752 oratore.
602 713 834 765 Προσελθὼν
864 717 981 752 πάλιν
1012 716 1064 756 εἷς
1100 715 1166 756 τὰς
1195 713 1404 760 ἐκκλησίας,
1438 713 1656 762 νεωτερικῶς

198 793 281 816 τινα
306 778 441 824 λέγων,
474 775 671 826 διεσύρετο,
704 778 753 818 ὡς
783 774 1051 827 κωμῳδηθῆναι
1081 774 1194 812 αὐτὸν
1224 775 1282 812 ὑπ’
1312 773 1564 823 Ἀντιφάνους
1596 773 1657 809 καὶ

199 839 442 889 Τιμοκλέους.
483 836 678 874 Plutarch.
707 836 860 873 obviam
889 835 1017 873 sactus
1047 835 1215 885 quidam,
1236 834 1302 885 qui
1322 834 1516 872 Periclem
1545 832 1657 871 audi„

199 901 328 943 visset,
348 898 400 936 ait
418 897 674 935 Demostheni
693 897 897 946 contigisse
923 895 1140 933 orationem
1162 895 1348 933 Pericleae
1367 896 1544 933 similem.
1562 894 1659 932 nihil

202 974 296 1011 ergo
338 957 630 1010 desperandum.
705 957 885 995 Similiter
917 956 1058 1002 evenit,
1092 962 1137 994 ut
1168 956 1373 1008 Euripides
1409 955 1659 994 Timotheum

204 1023 461 1073 συριττόμενον
486 1021 545 1058 ἐπὶ
575 1023 619 1074 τῇ
653 1019 888 1070 καινοτομίᾳ,
920 1020 977 1055 καὶ
997 1023 1230 1069 παρανομεῖν
1249 1020 1301 1061 εἰς
1320 1021 1387 1064 τὴν
1406 1019 1582 1069 μουσικὴν
1601 1016 1660 1054 δο-

201 1087 350 1127 κοῦντα,
385 1080 540 1132 θαῤῥεῖν
573 1081 778 1118 ἐκέλευσεν
807 1080 856 1122 ὠς
885 1080 1020 1127 ὀλίγου
1044 1081 1180 1130 χρόνου
1209 1079 1249 1117 τὸ
1283 1078 1443 1128 θέατρον
1470 1079 1528 1116 ὑπ’
1561 1079 1660 1128 αὑτῷ

204 1145 469 1195 γενησόμενον.
498 1141 602 1180 Plut.
622 1154 671 1179 an
703 1141 785 1178 seni
807 1147 884 1179 etc.
939 1140 1089 1178 Moeror
1109 1139 1198 1178 inde
1224 1147 1265 1178 et
1283 1140 1449 1179 tristitia.
1508 1139 1659 1178 Confir-

202 1211 329 1243 matur
348 1204 396 1241 ab
419 1202 598 1241 Eunomo
619 1209 659 1240 et
681 1202 833 1254 Satyro.
890 1201 1087 1239 Eunomus
1109 1200 1224 1252 quis?
1266 1201 1427 1252 Satyrus
1450 1207 1489 1238 et
1505 1200 1662 1237 Andro-

203 1266 327 1311 nicus,
357 1263 572 1303 histriones.
631 1264 791 1315 Satyrus
808 1263 1073 1314 Theogitonis,
1087 1263 1357 1301 Marathonius
1376 1262 1524 1302 histrio.
1580 1261 1662 1299 Lu-

202 1327 302 1365 cian.
323 1326 515 1378 Necyom.
530 1325 577 1363 T.
595 1325 628 1363 Ι.
643 1339 681 1376 p.
698 1328 790 1364 336.
847 1325 972 1376 Satyri
991 1324 1183 1363 histrionis
1202 1325 1291 1362 filiae
1320 1325 1494 1376 captivae.
1542 1324 1661 1361 Dem.

204 1405 245 1428 π.
265 1404 433 1439 vapra-p.
466 1387 616 1424 Schott.
649 1386 700 1424 ad
720 1386 876 1437 Olymp.
897 1386 1045 1424 CVIII.
1077 1389 1113 1423 1.
1156 1386 1414 1424 Andronicus.
1482 1385 1662 1435 Ideoque

203 1450 286 1501 ipse
319 1456 398 1486 tam
427 1448 632 1498 diligenter
665 1447 770 1498 apud
800 1447 1070 1485 Andronicum
1102 1447 1326 1485 histrionem
1359 1447 1518 1491 studuit,
1547 1454 1662 1484 ut—

206 1509 370 1553 Quintil.
387 1508 460 1547 XI.
479 1512 518 1547 3.
559 1508 695 1546 Cicero
729 1515 768 1546 et
796 1508 974 1547 Roscius.
1043 1508 1205 1560 Satyrus
1237 1508 1368 1547 histrio
1401 1508 1535 1546 recitat
1560 1520 1664 1558 quae-

203 1572 296 1609 dam
319 1569 521 1622 Sophoclis
541 1577 582 1608 et
601 1570 810 1621 Euripidis,
834 1569 923 1608 ὥσθ’
943 1570 1042 1613 ὅλως
1072 1572 1203 1621 ἑτέραν
1222 1569 1457 1621 Δημοσθένει
1486 1572 1664 1622 φανῆναι.

208 1632 390 1671 Actionis
410 1631 477 1670 vis.
519 1631 704 1671 Cic.111.
733 1631 782 1669 de
804 1639 962 1669 oratore.
1023 1631 1084 1668 Ex
1115 1644 1194 1681 quo
1227 1631 1317 1668 satis
1350 1630 1594 1680 significavit.
1623 1630 1665 1667 in

209 1695 318 1732 Orat.
340 1692 501 1736 Quintil.
518 1692 572 1731 11.
594 1693 664 1731 ult.
686 1692 799 1729 Phot.
819 1705 856 1742 p.
876 1696 968 1730 803.
990 1690 1093 1728 Bibl.
1108 1692 1196 1728 Val.
1217 1692 1329 1728 Max.
1344 1692 1460 1729 VIII.
1479 1695 1541 1730 10.
1560 1691 1667 1743 quid-

207 1769 299 1795 nam
320 1762 423 1794 esset
442 1754 480 1791 in
499 1753 666 1791 dicendo
686 1752 989 1790 efficacissimum
1020 1751 1220 1802 respondit
1245 1754 1268 1797 ἡ
1287 1754 1487 1803 ὑπόκρισις.
1507 1774 1561 1785 ——
1574 1751 1664 1802 quid

207 1818 239 1856 si
268 1818 395 1868 ipsum
427 1813 644 1853 audissetis.
662 1812 773 1850 -in
802 1812 1070 1850 Demosthene
1099 1825 1239 1863 magna
1269 1826 1356 1863 pars
1390 1813 1666 1852 Demosthenis

212 1880 334 1924 abest,
363 1876 468 1928 quod
502 1875 642 1926 legitur
674 1875 813 1926 potius,
845 1886 958 1926 quam
987 1873 1154 1912 auditur.
1224 1874 1376 1913 Rhetor
1407 1875 1666 1914 nobilissimus

210 1953 300 1979 cum
318 1939 578 1988 interrogatus
608 1944 680 1984 est,
701 1936 793 1988 quid
813 1936 847 1974 ei
866 1936 1028 1987 primum
1046 1935 1242 1973 videretur
1259 1935 1299 1973 in
1321 1937 1552 1987 eloquentiae
1570 1949 1667 1987 prae-

211 2001 336 2053 ceptis
368 1998 564 2038 observari
599 2005 793 2050 oportere,
832 1997 1190 2049 pronunciationem
1232 1997 1375 2036 dicitur
1412 1998 1666 2049 respondisse.

214 2064 315 2102 Cum
345 2066 597 2113 quaereretur,
631 2059 724 2111 quid
756 2058 942 2103 secundo,
981 2058 1145 2096 eandem
1177 2058 1669 2111 pronunciationem..quid

213 2124 342 2168 tertio,
364 2122 457 2160 nihil
477 2121 592 2167 aliud,
611 2134 727 2172 quam
753 2120 1110 2172 pronunciationem
1143 2120 1299 2160 dixisse.
1331 2122 1502 2172 August.
1522 2134 1581 2172 ep.
1600 2123 1666 2160 56.

212 2186 267 2223 fad
287 2184 531 2222 Dioscurum.
587 2183 796 2233 Something
814 2183 861 2234 of
880 2184 951 2220 this
968 2183 1049 2220 said
1065 2182 1114 2233 of
1123 2182 1255 2231 Lysias
1282 2183 1320 2220 in
1340 2183 1529 2221 Plutarch.
1583 2183 1669 2221 Iso-

218 2253 315 2285 crat.
334 2258 389 2283 or.
408 2245 458 2282 ad
478 2244 709 2294 Philippum.
724 2244 890 2294 Dionys.
911 2243 960 2281 de
972 2243 1071 2294 stylo
1086 2242 1241 2281 dicendi
1254 2244 1370 2282 Dem.
1393 2243 1668 2283 Demostheni-

220 2322 321 2354 cum,
336 2307 441 2359 quod
460 2314 520 2344 ter
538 2306 702 2358 primum
720 2306 783 2344 ille
812 2306 979 2344 volebat.
999 2307 1148 2344 Auson.
1168 2319 1305 2343 comm.
1325 2307 1487 2358 profess.
1518 2307 1668 2346 Burde-

221 2371 298 2421 gal.
357 2369 448 2406 Sine
467 2368 541 2406 hac
557 2367 746 2419 [actione]
767 2380 938 2405 summus
967 2373 1093 2405 orator
1122 2380 1207 2405 esse
1232 2368 1269 2404 in
1295 2381 1455 2407 numero
1473 2369 1580 2407 nullo
1599 2382 1669 2420 po-

221 2438 312 2476 test,
332 2428 536 2467 mediocris
565 2429 638 2466 hac
668 2428 874 2467 instructus
903 2441 1072 2467 summos
1099 2441 1202 2479 saepe
1221 2442 1414 2480 superare.
1471 2430 1578 2469 Huic
1596 2429 1671 2482 pri-

220 2505 302 2530 mas
323 2491 475 2528 dedisse
495 2490 780 2528 Demosthenes
801 2489 954 2535 dicitur,
974 2503 1061 2528 cum
1089 2497 1302 2541 rogaretur,
1322 2490 1411 2541 quid
1439 2491 1478 2528 in
1505 2491 1670 2530 dicendo

219 2560 326 2591 esset
346 2552 528 2596 Primum,
549 2551 640 2589 huic
660 2551 864 2596 secundas,
886 2551 976 2589 huic
997 2551 1140 2589 tertias.
1198 2551 1325 2590 Cicer.
1341 2552 1418 2590 ΙΙΙ.
1436 2553 1485 2590 de
1506 2560 1669 2599 oratore,

224 2622 263 2653 et
282 2614 331 2651 de
351 2612 473 2651 claris.
494 2619 633 2650 orator.
691 2613 730 2651 Si
745 2613 902 2664 quidem
922 2620 961 2651 et
982 2612 1279 2659 Demosthenes,
1301 2613 1391 2664 quid
1411 2620 1512 2652 esset
1529 2614 1568 2652 in
1587 2621 1671 2653 toto

224 2675 378 2716 dicendi
398 2686 514 2724 opere
533 2673 696 2724 primum
726 2675 997 2724 interrogatus,
1028 2674 1325 2725 pronuntiationi
1359 2675 1528 2726 palmam>
1551 2675 1671 2722 dedit,

226 2739 426 2787 eidemque
453 2735 664 2773 secundum
693 2748 738 2773 ac
759 2736 912 2773 tertium
930 2735 1071 2780 locum,
1094 2735 1220 2773 donec
1241 2737 1289 2773 ab
1310 2749 1356 2774 eo
1383 2737 1500 2788 quaeri
1521 2737 1671 2776 desine-

226 2808 297 2845 ret,
326 2806 369 2836 ut
395 2809 476 2834 eam
507 2796 626 2833 videri
658 2804 801 2846 posset,
831 2809 908 2834 non
941 2796 1188 2847 praecipuam,
1223 2797 1291 2834 sed
1320 2798 1439 2835 solam
1467 2799 1671 2847 judicasse.

231 2860 390 2904 Quintil.
415 2858 485 2895 XI.
508 2861 544 2895 3.
565 2858 676 2895 when*
698 2872 753 2893 sce
774 2871 878 2895 more.
938 2858 1167 2904 Memoriam
1190 2860 1448 2908 pronuntiatio
1478 2867 1673 2911 sequetur,
