1824 3171
205 127 346 166 cxxxvi
520 127 591 165 IO.
622 128 869 166 TAYLORI
900 128 1331 168 PROLEGOMENA

205 227 287 266 cuit
316 226 486 280 primam.
518 229 679 268 moritur
708 230 940 269 Aristoteles
974 244 1114 270 annum
1147 245 1266 283 agens
1290 236 1355 271 63.
1388 237 1426 269 et
1445 231 1559 270 Dem.
1578 235 1647 271 60.

206 288 310 327 Gell.
339 289 426 328 XV.
453 291 520 328 28.
585 291 745 329 Photius
778 304 826 328 ex
857 292 939 330 aliis
971 305 1090 330 annos
1123 295 1187 334 70.
1218 294 1471 331 Demostheni
1501 293 1647 332 tribuit.

204 350 413 401 Antipater
430 363 516 388 cum
538 351 697 390 Cratero
714 351 890 389 Athenas
911 353 1121 390 contendit.
1176 354 1338 403 Aufugit
1358 355 1473 391 Dem.
1494 354 1646 403 aliique.

204 411 284 449 Eos
313 412 361 449 P.
377 412 424 451 A.
453 412 630 451 Demade
649 419 809 463 rogante
829 413 954 463 capite
975 414 1181 453 damnavit.
1236 415 1429 465 Antipatri
1450 414 1646 452 satellites.

206 473 371 511 Archias
400 474 524 512 dictus
546 474 824 526 φυγαδοὲἡρας,
855 474 943 511 olim
974 474 1118 513 histrio.
1189 475 1269 513 Hic
1304 489 1351 513 ex
1381 476 1512 523 Ajaeis
1541 475 1645 520 fano,

203 535 307 585 quod
326 542 384 573 est
403 536 564 586 AEginae,
593 535 758 572 extrahit
780 536 1022 586 Hyperidem
1049 544 1251 582 oratorem,
1273 538 1535 574 Aristonicum
1556 537 1646 574 Ma·

202 597 430 643 rathonium,
470 598 733 643 Hemeraeum,
766 596 956 634 Demetrii
994 598 1168 636 Phalerei
1206 599 1374 635 fratrem.
1450 598 1504 634 Hi
1541 597 1643 634 missi

204 657 370 696 Cleonas
390 658 440 695 ad
459 658 707 709 Antipatrum
737 658 863 709 capite
878 659 1112 709 plectuntur.
1170 660 1362 711 Hyperidi
1390 659 1519 709 lingua
1547 671 1645 709 prae-

200 719 290 757 cisa.
347 720 449 756 Plut.
468 720 619 757 Arrian.
642 720 691 757 de
710 721 826 758 rebus
858 727 943 771 post
963 721 1074 759 Alex.
1092 722 1222 772 gestis.
1243 720 1343 772 apud
1364 721 1477 758 Phot.
1499 734 1538 770 p.
1557 723 1644 758 124.

200 781 487 819 Demosthenes
507 782 544 818 in
564 781 706 832 templo
728 781 914 833 Neptuni,
929 784 1032 833 quod
1052 792 1135 822 erat
1150 784 1352 827 Calauriae,
1373 782 1495 820 sedet.
1554 781 1646 819 Huc

200 842 348 892 magnis
379 843 555 881 actuariis
585 842 787 880 contendit
812 843 991 888 Archias,
1025 844 1213 894 Antipatri
1242 843 1403 893 gratiam
1432 842 1644 893 pollicetur.

200 902 378 942 Eustath.
400 916 534 941 comm.
555 904 605 941 ad
621 904 785 955 Dionys.
802 903 954 955 Perieg.
974 918 1086 943 versu
1105 909 1195 944 469.
1247 904 1480 941 Insomnium
1499 904 1553 942 D.
1569 905 1645 941 Ar-

200 963 299 1008 chia,
346 977 418 1002 nec
457 964 587 1002 histrio
621 977 681 1002 me
724 964 884 1010 movisti,
928 978 1053 1016 neque
1096 979 1199 1003 nunc
1232 965 1400 1003 movebis
1430 964 1646 1016 promissor.

200 1026 288 1067 Quo
308 1026 358 1063 ad
377 1026 470 1064 iram
494 1039 691 1072 converso,
708 1026 836 1071 Nunc,
863 1026 927 1071 ait,
958 1028 1112 1065 oracula
1138 1027 1218 1065 edis
1240 1026 1508 1072 Macedonica,
1528 1026 1644 1063 modo

198 1085 354 1123 mimum
383 1087 506 1137 egisti.
565 1087 718 1125 Sustine
748 1100 954 1138 parumper
984 1088 1075 1125 dum
1106 1101 1212 1125 meos
1233 1088 1334 1125 domi
1365 1087 1540 1125 salutem.
1594 1086 1642 1123 In

197 1146 377 1185 interiora
396 1148 526 1199 templi
545 1148 747 1193 recedens,
769 1149 952 1186 scribenti
982 1156 1022 1186 et
1051 1149 1250 1187 meditanti
1279 1148 1422 1193 similis,
1453 1148 1642 1186 calamum

197 1222 346 1248 veneno
366 1210 553 1248 imbutum
572 1211 625 1248 ori
646 1211 815 1248 admovit
841 1211 966 1261 eapite
986 1211 1180 1250 inclinato.
1239 1211 1466 1262 Stipatores,
1496 1210 1560 1261 qui
1593 1210 1645 1247 ad

196 1270 301 1309 fores
321 1272 484 1317 stabant,
505 1272 666 1310 riserunt
694 1278 735 1309 ut
759 1271 952 1322 ignavum.
1012 1273 1175 1310 Archias
1204 1273 1332 1310 instat.
1391 1271 1575 1309 Reditum
1604 1271 1643 1307 in

196 1333 358 1384 gratiam
388 1346 476 1371 cum
497 1334 704 1384 Antipatro
731 1334 911 1372 ostendit.
966 1334 1127 1372 Intentis
1147 1334 1184 1371 in
1206 1333 1384 1371 Archiam
1405 1333 1534 1378 oeulis,
1566 1332 1643 1370 Fac

197 1407 290 1445 agas
319 1408 367 1432 ex
394 1395 570 1445 tragoedo
592 1395 798 1433 Creontem
826 1403 903 1434 etc.
961 1397 1061 1434 Cum
1087 1409 1189 1434 aram
1216 1395 1445 1445 praeteriret,
1473 1394 1643 1432 concidit

197 1456 438 1506 animamque
471 1455 622 1494 efflavit.
678 1455 1031 1494 ΔΗΜΟΣΘΕΝΗΣ
1066 1456 1368 1494 ΕΠΙΒΩΜΙΟΣ.
1406 1456 1477 1492 Dr.
1508 1455 1645 1492 Mead.

196 1517 344 1556 Barton
372 1518 422 1556 ad
442 1517 636 1556 Plutarch.
678 1517 743 1555 De
772 1525 895 1556 morte
915 1518 969 1556 D.
990 1525 1029 1556 et
1062 1530 1203 1568 genere
1237 1517 1369 1555 mortis
1403 1516 1542 1554 Strabo
1561 1516 1587 1553 1.
1606 1520 1644 1555 3.

197 1579 362 1617 Pausan.
394 1580 431 1616 in
461 1579 578 1617 Attic.
608 1586 647 1616 et
668 1579 842 1618 Corinth.
864 1579 972 1617 Hell.
993 1579 1124 1617 XVII.
1145 1583 1209 1618 21.
1279 1578 1381 1629 Nep.
1412 1578 1450 1615 in
1471 1577 1644 1616 Hannib.

195 1642 268 1679 Dr.
291 1642 519 1680 Heberden.
549 1642 621 1679 Dr.
643 1641 799 1679 Askew.
855 1641 1129 1679 Eratosthenes
1158 1642 1196 1678 in
1227 1654 1322 1679 cavo
1351 1639 1490 1678 annulo
1523 1639 1643 1677 refert

195 1715 284 1740 eum
303 1716 494 1741 venenum
524 1702 717 1748 habuisse,
746 1709 786 1740 et
814 1703 917 1740 hunc
945 1703 1126 1740 annulum
1155 1715 1225 1753 pro
1253 1701 1435 1739 brachiali
1463 1701 1640 1751 gessisse.

195 1763 296 1801 Plin.
317 1764 445 1803 XXX.
468 1768 503 1803 1.
561 1764 639 1801 Alii
659 1764 729 1801 sub
751 1763 910 1814 gemmis
930 1777 1079 1802 venena
1099 1763 1268 1808 eludunt,
1289 1763 1386 1801 sieut
1404 1762 1520 1801 Dem.
1541 1776 1641 1800 sum-

194 1838 278 1862 mus
328 1826 492 1863 Graeciae
543 1832 681 1870 orator,
733 1826 940 1875 anulosque
982 1825 1110 1862 mortis
1159 1825 1283 1875 gratia
1325 1824 1481 1862 habent.
1540 1824 1639 1862 Plin.

193 1886 392 1924 XXXIII.
412 1890 445 1925 l.
478 1884 642 1925 Pausan.
663 1887 698 1923 in
721 1888 805 1925 Att.
832 1901 868 1938 p.
888 1891 948 1925 14⁴.
1003 1886 1186 1924 Vincent.
1206 1886 1399 1923 Bellovac.
1419 1898 1523 1936 spec.
1545 1884 1637 1923 Nat.

193 1948 218 1984 l.
240 1950 278 1989 7.
310 1948 417 1986 Obiit
435 1952 497 1988 16.
518 1949 655 1986 mensis
678 1948 967 1999 Pyanepsionis.
1007 1948 1103 1986 Plut.
1125 1948 1163 1984 in
1192 1954 1350 1997 utraque
1370 1947 1457 1984 vita.
1487 1946 1637 1984 Meurs.

192 2009 302 2047 Lect.
324 2011 402 2048 Att.
419 2010 489 2048 IV.
509 2013 572 2049 21.
618 2010 766 2048 Corsin.
786 2010 828 2048 F.
847 2011 898 2048 A.
921 2010 968 2047 Τ.
989 2009 1020 2046 Ι.
1036 2024 1074 2060 p.
1096 2013 1182 2047 108.
1227 2009 1335 2046 Obiit
1355 2008 1415 2045 die
1433 2010 1496 2048 17.
1515 2007 1637 2046 Octo-

191 2072 281 2115 bris,
298 2085 410 2122 quem
430 2071 530 2109 diem
548 2071 700 2110 Cereris
720 2072 837 2109 sacris
857 2071 1109 2109 tristissimum
1129 2078 1287 2121 agentes
1302 2070 1466 2107 foeminae
1485 2069 1523 2106 in
1543 2076 1636 2107 tem-

190 2133 256 2183 plo
277 2134 376 2171 Deae
399 2135 590 2184 Jejunant.
648 2134 819 2183 Contigit
839 2133 911 2171 hoc
932 2137 1024 2172 280.
1051 2133 1159 2170 annis
1185 2140 1275 2170 ante
1302 2143 1501 2169 excessum
1523 2131 1635 2169 Cice-

189 2194 304 2232 ronis.
361 2195 457 2244 Ejus
477 2195 643 2232 tumulus
666 2195 853 2232 Calauriae
884 2196 922 2231 in
953 2196 1042 2232 fano
1073 2194 1259 2245 Neptuni.
1315 2193 1479 2230 Pausan.
1510 2207 1547 2243 p.
1571 2197 1634 2231 13.

190 2262 229 2293 et
248 2257 340 2293 248.
384 2256 521 2293 Strabo
540 2256 564 2292 l.
583 2258 620 2292 8.
679 2256 791 2293 Circa
822 2256 1130 2306 Peloponnesum
1161 2255 1275 2292 etiam
1306 2266 1409 2291 nunc
1443 2254 1479 2290 in
1501 2255 1635 2304 AEgaeo

189 2317 378 2354 Phthiusa
410 2324 448 2354 et
468 2317 605 2366 AEgina
628 2316 859 2366 Epidaurieo
888 2317 986 2354 litori
1021 2316 1204 2367 proxima,
1227 2315 1429 2352 Troezenia
1456 2315 1634 2353 Calauria

187 2379 286 2416 inter
301 2379 489 2429 ignobiles
509 2378 602 2416 alias
623 2378 700 2415 leto
718 2378 832 2415 Dem.
852 2379 999 2416 nobilis.
1029 2379 1216 2428 Pompon.
1236 2377 1346 2414 Mela
1367 2377 1420 2414 II.
1440 2379 1476 2417 7.
1534 2377 1632 2414 Cum

188 2439 342 2477 domum
379 2447 562 2477 aeternam
601 2438 706 2482 adiit,
743 2446 973 2477 testamento
1011 2440 1163 2490 reliquit
1199 2438 1431 2488 Archippam
1469 2450 1631 2474 uxorein

186 2513 298 2539 servo
319 2500 536 2538 Phormioni
557 2513 642 2537 cum
669 2500 854 2538 libertate.
911 2501 1076 2552 Thysius
1095 2501 1196 2551 apud
1216 2500 1388 2538 GronOV.
1418 2498 1575 2548 Antiqq.
1593 2512 1631 2548 p.

187 2565 303 2603 1370.
347 2561 555 2613 [Thysium
588 2562 671 2598 hmc
703 2562 912 2612 scripsisse,
947 2563 978 2599 si
1010 2563 1058 2600 de
1090 2562 1356 2600 Demosthene
1386 2559 1550 2609 scripsit,
1580 2559 1631 2596 nil

185 2625 320 2667 miror;
349 2624 557 2674 Taylorum
579 2630 705 2660 autem
727 2624 841 2660 etiam
873 2631 988 2673 atque
1018 2624 1132 2661 etiam
1159 2624 1285 2667 miror,
1313 2622 1390 2658 sive
1416 2620 1520 2670 quod
1550 2627 1629 2658 tam

185 2687 302 2724 stulta
321 2692 538 2723 commenta
557 2685 672 2733 digna
701 2684 889 2730 habuerit,
920 2698 1006 2735 quae
1033 2685 1200 2729 iteraret,
1233 2684 1311 2720 sive
1338 2682 1442 2732 quod
1470 2690 1628 2732 praeter-

185 2746 329 2784 miserit
355 2752 488 2783 notare
517 2753 632 2795 atque
662 2745 867 2793 corrigere,
897 2745 927 2782 si
957 2745 1050 2782 tanti
1080 2752 1160 2782 erat
1187 2753 1264 2782 tam
1295 2742 1478 2780 absurdas
1507 2756 1628 2792 nugas

184 2819 407 2857 recoquere.
465 2806 553 2843 Non
577 2806 873 2850 Demosthenes,
900 2805 967 2843 sed
999 2805 1123 2850 Pasio,
1147 2803 1375 2855 Apollodori
1409 2811 1530 2853 pater,
1555 2805 1629 2840 Ar-

185 2868 364 2920 chippam
380 2866 598 2906 Phormioni
620 2866 774 2917 legavit,
791 2867 930 2917 dequo
951 2867 1041 2905 satis
1062 2880 1249 2919 superque
1270 2872 1421 2904 constat
1441 2878 1461 2903 e
1483 2865 1629 2903 Demo-
