1824 3171
163 111 238 148 cliv
629 113 841 151 REISKII
874 111 1168 151 PRAEFATIO

163 211 287 263 copia,
306 224 396 249 num
416 211 545 251 in‘suis
562 215 745 266 exemplis
760 229 863 267 pone
882 228 918 266 p.
932 218 1023 255 532.
1045 214 1140 252 illud
1159 221 1426 265 argumentum
1442 214 1623 253 habeants

164 286 252 311 meo
272 273 424 324 quidem
447 274 570 320 deest,
598 277 730 314 nescio
761 276 970 327 bibliopegi
1001 276 1128 325 culpa,
1160 288 1208 312 an
1238 275 1353 326 ipsius
1382 275 1624 327 typographi.

168 335 301 372 Finem
322 334 486 385 denique
506 335 597 374 facit
622 338 736 388 hujus
764 337 942 375 editionis
962 336 1115 385 farrago
1137 337 1314 386 quaedam
1333 338 1625 375 annotationum

166 409 188 433 e
210 396 343 433 Budaei
363 397 530 435 maxime
559 398 946 436 commentationibus
966 397 1015 434 de
1036 397 1146 445 Asse,
1167 404 1206 434 et
1225 397 1262 434 in
1280 398 1513 444 Pandectas,
1534 411 1626 436 con·

165 465 264 502 suta,
287 457 413 496 studio
441 460 639 507 cujusdam
657 460 818 504 Ruberi‚
833 460 882 497 de
898 471 974 509 quo
994 459 1079 495 haec
1099 457 1284 509 praedicat
1299 459 1462 498 Ioannes
1485 459 1625 510 Opori-

167 533 238 558 nus
269 520 306 556 in
334 520 594 558 admonitione
620 520 668 557 ad
688 521 867 565 lectores,
888 533 975 570 quae
1005 519 1177 556 ultimam
1204 520 1330 570 operis
1358 521 1540 571 paginam
1558 521 1627 557 im-

169 583 277 634 plet:
322 582 479 620 Utinam
500 581 587 619 fatis
606 582 791 620 Iacobum
813 583 1025 627 Ruberum,
1057 581 1172 619 divini
1200 581 1344 632 ingenii
1367 584 1564 632 juvenem,
1587 589 1627 620 et

170 645 209 682 in
227 642 461 695 inquirendis
480 643 795 695 excutiendisque
815 644 854 681 id
870 656 992 694 genus
1013 651 1186 680 autorum
1207 643 1299 681 locis
1320 643 1415 682 mire
1437 644 1629 690 sedulum,

170 714 236 744 aut
255 706 382 742 vivere
411 704 568 752 diutius,
598 713 664 742 aut
684 706 857 751 meliore,
880 706 971 743 dum
993 704 1097 750 vixit,
1119 704 1196 742 otio
1215 705 1304 751 frui,
1321 705 1444 743 visum
1463 706 1628 743 fuisset:

168 767 231 817 qui
252 766 294 811 si,
317 765 421 816 quod
441 773 612 816 ceperat,
641 767 857 817 perducere
878 767 927 804 ad
949 766 1172 804 umbilicum
1203 767 1400 817 potuisset,
1422 767 1538 805 alium
1558 779 1629 805 nos

169 828 258 864 olim
282 826 585 865 Demosthenem
615 835 654 864 et
683 828 971 866 observationes
996 828 1034 864 in
1061 840 1149 865 eum
1178 829 1435 866 absolutiores
1454 851 1504 857 —
1520 828 1630 866 habi-

170 896 276 925 turos
295 888 412 925 fuisse
441 887 532 925 satis
561 888 804 938 exploratum
831 890 970 926 habeo.
989 911 1042 917 —
1063 888 1311 938 Farraginem
1338 889 1442 926 illam
1470 896 1630 927 annota-

168 950 329 994 tionum,
358 962 426 986 seu
455 949 776 999 compilationem,
806 950 837 987 si
866 950 997 995 mavis,
1020 949 1077 988 Io.
1107 950 1281 1000 Oporino
1309 950 1442 988 tribuit
1470 950 1639 989 Morhof

170 1010 310 1061 Polyh.
327 1009 376 1047 T.
391 1011 424 1047 I.
444 1023 480 1060 p.
497 1012 587 1048 962.
646 1011 814 1062 Farrago
833 1012 919 1049 haec
940 1011 1229 1049 annotationum
1248 1011 1362 1049 etiam
1381 1011 1420 1049 in
1435 1011 1631 1051 Wolfiana

171 1071 337 1110 editione
358 1077 510 1108 servata
529 1078 601 1109 est.
657 1072 719 1110 De
740 1086 816 1123 qua
834 1072 926 1123 quid
947 1072 1189 1109 statuendum
1220 1072 1280 1118 sit,
1309 1086 1436 1123 neque
1462 1073 1544 1123 ipse
1572 1072 1632 1109 in-

170 1133 318 1184 quisivi,
338 1145 465 1183 neque
486 1132 571 1170 novi
589 1133 653 1184 qui
671 1133 766 1171 alius
786 1133 975 1172 statuerit.
1033 1133 1172 1171 Obiter
1192 1133 1434 1183 perlustranti
1452 1134 1632 1171 videntur

170 1194 227 1232 sic
256 1193 346 1230 satis
375 1193 488 1230 utiles
517 1193 618 1230 lectu
644 1201 684 1232 et
712 1194 836 1232 adhuc
867 1207 966 1239 esse,
994 1201 1032 1231 et
1062 1200 1142 1230 tum
1169 1194 1354 1245 temporis
1373 1195 1489 1232 etiam
1507 1194 1632 1244 magis

170 1253 303 1292 fuisse.
361 1253 422 1290 De
443 1253 589 1291 Iacobo
609 1253 674 1292 illo
696 1255 878 1293 Reubero
898 1254 991 1292 nihil
1011 1254 1103 1291 mihi
1124 1262 1287 1293 constat.
1345 1256 1634 1294 Annotationes

170 1315 246 1352 illae
265 1315 366 1352 ultra
391 1314 605 1352 orationem
632 1316 784 1353 tertiam
807 1316 846 1353 in
868 1316 1077 1366 Aphobum
1106 1329 1185 1354 non
1213 1317 1441 1366 procedunt.
1500 1319 1632 1359 Quare

172 1384 300 1416 autem
317 1376 509 1427 Oporinus
525 1377 600 1415 hoc
616 1376 819 1415 defunctus
839 1377 887 1415 sit
906 1377 1015 1427 quasi
1033 1377 1237 1428 perorandi
1259 1377 1394 1423 officio,
1408 1378 1507 1416 ratio
1525 1377 1634 1416 reddi

171 1452 250 1476 non
270 1446 410 1489 potest,
433 1438 503 1475 nisi
523 1438 553 1475 si
573 1446 798 1485 statuamus,
818 1439 858 1476 id
878 1439 984 1489 quod
1003 1446 1307 1477 consentaneum
1328 1447 1400 1485 est,
1418 1440 1634 1490 Oporinum

171 1501 210 1537 in
231 1500 379 1538 officina
395 1500 653 1549 Herwagiana
673 1501 901 1539 correctoris
921 1507 1051 1552 partes
1072 1500 1220 1550 egisse3
1250 1514 1272 1538 a
1287 1514 1365 1551 quo
1385 1502 1499 1539 etiam
1518 1501 1634 1539 facile

173 1561 253 1607 fiat,
273 1569 315 1598 ut
334 1561 519 1612 profectae
541 1561 616 1598 sint
635 1561 710 1598 illae
729 1562 871 1612 passim
901 1568 1145 1599 occurrentes
1170 1561 1348 1599 meliores
1373 1562 1562 1599 lectiones
1580 1561 1634 1599 ibi

171 1623 358 1668 locorum,
387 1622 450 1659 ubi
469 1622 555 1659 haec
578 1623 838 1673 Herwagiana
868 1623 986 1660 editio
1016 1623 1064 1660 ab
1090 1622 1232 1660 Aldina
1261 1622 1438 1660 discedit.
1494 1622 1634 1660 Laudo

174 1684 352 1736 equidem
368 1684 529 1721 istorum
545 1690 758 1734 temporum
779 1684 1018 1729 modestiam,
1036 1697 1121 1721 cum
1141 1684 1190 1721 ad
1210 1684 1319 1732 hujus
1339 1683 1470 1722 saeculi
1484 1687 1634 1732 jactan-

172 1746 263 1784 tiam
289 1752 438 1796 specto.
495 1744 628 1796 Turpe
648 1752 728 1781 tum
751 1746 981 1793 judicabant
998 1745 1065 1782 viri
1087 1746 1190 1782 docti
1219 1745 1257 1782 in
1287 1746 1634 1786 emendatiunculis

173 1808 401 1858 quibusdam
422 1806 630 1843 trivialibus
650 1807 857 1852 exsultare,
878 1807 982 1858 quod
1001 1807 1115 1845 hodie
1136 1807 1245 1844 multi
1264 1807 1426 1846 faciunt.
1483 1808 1633 1846 Suadet

171 1875 301 1905 tamen
321 1867 538 1918 prudentia,
559 1867 634 1905 suis
654 1881 818 1918 quaeque
847 1869 1065 1907 auctoribus
1094 1870 1221 1915 tribui,
1242 1883 1291 1907 ne
1310 1871 1450 1920 posteri
1483 1878 1628 1917 errent,

172 1941 298 1979 neque
317 1929 503 1974 nesciant,
526 1929 626 1966 unde
645 1929 760 1967 lectio
781 1943 944 1981 quaeque
964 1930 1141 1981 profecta
1159 1930 1220 1975 sit,
1241 1944 1332 1968 num
1354 1945 1374 1969 e
1394 1932 1498 1969 libris
1519 1933 1632 1970 bonae

169 1998 283 2035 notae,
300 2003 349 2028 an
370 2003 417 2027 ex
432 1990 585 2040 ingenio
605 1991 672 2027 viri
689 1991 805 2036 docti,
825 1999 864 2029 et
883 1995 1005 2040 cujuS,
1022 2005 1096 2041 quo
1116 1992 1165 2029 de
1191 1992 1421 2030 auctoritate
1442 1997 1630 2043 cujusque

171 2052 345 2089 lectionis
365 2058 471 2089 certo
492 2052 745 2102 pronunciare
765 2053 924 2104 possint,
942 2052 1155 2103 sciantque,
1174 2053 1401 2103 quibuscum
1423 2055 1492 2092 sibi
1513 2067 1633 2105 nego-

172 2114 264 2150 tium
284 2113 343 2158 sit,
361 2121 400 2150 et
419 2126 514 2163 quos
534 2121 600 2151 aut
619 2114 777 2152 laudare
798 2122 863 2152 aut
882 2121 1017 2151 notare
1034 2115 1214 2152 debeant.
1274 2115 1354 2153 Sed
1381 2116 1465 2154 haec
1493 2116 1631 2155 obiter.

176 2174 315 2212 Eidem
346 2174 521 2224 Oporino
553 2175 680 2213 tribuo
713 2175 826 2213 aliam
860 2174 1170 2219 admonitionem,
1207 2188 1293 2226 quae
1326 2176 1418 2213 item
1451 2177 1489 2214 in
1519 2177 1631 2215 calce

176 2235 447 2285 Herwagianae
475 2235 625 2285 legitur,
661 2243 700 2273 et
732 2236 817 2272 haec
846 2243 929 2273 est:
974 2236 1179 2272 Hactenus
1214 2236 1387 2274 collectis
1415 2236 1453 2274 in
1482 2237 1630 2275 Demo·

174 2296 349 2335 sthenem
379 2296 686 2334 annotationibus
708 2303 888 2347 quantum
912 2297 948 2333 in
969 2309 1138 2346 praesens
1163 2296 1281 2342 licuit,
1302 2305 1409 2336 utere
1429 2298 1631 2338 et-sruere.

173 2371 262 2396 nam
282 2365 321 2395 et
340 2358 511 2403 aliarum,
537 2372 624 2409 quae
655 2359 693 2396 in
725 2359 890 2409 reliquas
924 2358 1114 2396 orationes
1147 2360 1353 2409 pertinent,
1389 2361 1630 2400 edendarum

174 2419 419 2457 occasionem
446 2419 557 2457 nobis
577 2419 659 2457 fore
680 2420 900 2470 propediem
921 2420 1067 2470 superis
1098 2421 1197 2458 bene
1228 2421 1511 2461 fortunantibus
1543 2435 1631 2473 spe·

175 2492 316 2525 ramus,
349 2493 426 2517 una
457 2493 543 2517 cum
579 2481 899 2531 Harpocrationis
931 2480 1073 2526 lexico,
1108 2488 1148 2519 et
1184 2481 1358 2520 locorum
1391 2483 1632 2533 quorundam

175 2542 277 2581 varia
308 2541 473 2580 lectione
503 2541 553 2579 ad
578 2542 819 2580 vetustissimi
851 2542 1079 2593 exemplaris
1113 2542 1358 2580 collationem
1387 2557 1410 2581 a
1441 2545 1491 2581 D.
1511 2544 1632 2582 Petro

178 2603 348 2641 Danesio
370 2602 423 2638 10.
446 2602 672 2653 Sphyractis
692 2603 876 2641 industria
904 2603 1013 2641 nobis
1039 2610 1077 2640 et
1095 2603 1311 2654 impetrata,
1334 2610 1383 2649 et,
1414 2617 1631 2656 quanquam

176 2665 216 2703 id
234 2664 389 2714 quidem
420 2664 554 2708 serim,
577 2672 746 2702 extrema
765 2665 906 2715 quippe
925 2677 1038 2702 manu
1060 2667 1141 2712 jam
1163 2664 1339 2715 imposita
1368 2666 1485 2716 operi,
1507 2674 1632 2705 trans-

176 2725 304 2764 missa.
320 2746 372 2756 -—
392 2726 519 2766 Quam
547 2725 609 2763 hic
639 2739 745 2776 spem
773 2726 865 2764 facit
890 2739 958 2764 seu
988 2725 1233 2776 Hcrwagffls,
1256 2739 1325 2764 seu
1349 2727 1559 2781 Oporinus‚
1580 2730 1634 2769 de

175 2799 286 2831 nova,
308 2784 570 2824 emendatiore
596 2793 635 2823 et
664 2786 905 2824 instructiore
928 2786 1198 2824 Demosthenis
1228 2787 1413 2833 editione,
1446 2802 1492 2827 ea
1520 2790 1630 2830 exitu

176 2847 324 2892 caruit;
351 2859 476 2897 neque
497 2846 534 2884 in
554 2847 694 2895 lucem,
716 2848 820 2898 quod
846 2847 980 2893 sciam,
1002 2847 1144 2899 prodiit
1169 2847 1232 2886 hic
1256 2849 1444 2900 promissa
1473 2851 1633 2891 collatio
