1824 3171
264 173 367 222 108

259 287 436 349 ταύταις
461 287 678 360 δυνάμεις,
697 291 857 344 ἄλλ’
828 318 852 354 η
883 292 962 353 τῆς
986 290 1157 350 πόλεως

703 176 1339 223 ΔΗΜΟΣΘΕΝΟΥΣ

1182 290 1197 317 ²
1211 289 1362 353 ἔσταί,
1379 289 1464 340 κάν
1488 312 1613 359 υμξις
1639 287 1712 340 ἕνα

258 364 347 415 κοῖν
381 362 585 424 πλείους,
628 365 714 416 notu
755 366 828 417 τόν
871 364 986 417 ὃεινοι
1030 365 1116 416 κοῖν
1161 364 1341 415 ὂντινουν
1381 363 1710 454 χειροτονήσητε

258 460 533 529 στρατηγον,
560 462 700 505 τουτῳ
733 462 946 490 πεισετοιι
982 462 1058 490 και
1093 436 1411 498 οἷκολουθησει.
1446 461 1524 488 και
1557 435 1712 503 τροφὴν

254 535 403 582 ταυτῃ
443 534 622 587 πορισαι
659 511 838 563 κελεύω.
882 535 1013 563 etr-rou
1049 509 1092 562 ὃ
1119 509 1234 572 αὕτη
1261 535 1330 570 τις
1363 511 1387 571 ἦ
1422 508 1599 580 ὃυναμις
1633 533 1712 562 και

931 616 972 638 ¹¹¹
959 628 1038 647 εστω

261 693 458 724 conductitios
493 695 639 725 exercitus
676 693 765 725 verti.
807 692 970 727 ἀπόστολος

260 737 416 766 veteribus
442 737 557 767 classem
582 736 752 776 significat:
784 738 865 766 unde
887 737 968 766 ἀωο-

259 780 430 818 στολιμοιῖος
465 780 609 815 classicus,
638 779 819 815 classiarius,
854 780 968 809 emissa-

260 823 334 851 rius.
357 820 510 859 ἐπιστολὴ,
522 822 621 858 literae,
643 822 827 852 mandatum.
849 820 968 853 ἐπιστο-

259 865 336 899 λεὺς,
356 864 608 904 γραμματοφόρος,
626 865 806 902 tabellarius,
823 865 904 894 vel
892 877 904 894 ο
922 863 970 894 {ori

260 907 312 937 τοῦ
341 906 444 936 στόλου
465 907 599 958 διάδοχος
628 919 677 938 του
707 909 856 950 ναυάςχου,
886 908 971 937 classi

257 948 434 1001 prloefectus:
463 948 697 989 ἔπιστολιμαιος,
733 951 902 990 epistolaris,
937 948 971 979 τό

261 991 297 1021 δι’
322 990 477 1027 ἐπιστολῆς
500 992 654 1032 γιγνόμενον
682 992 696 1024 ἢ
721 992 970 1033 διαπραττόμενον.

261 1033 479 1074 ἐπιστολιμοιῖοι
500 1035 640 1075 δυνάμεις,
655 1037 754 1075 copiae,
776 1037 825 1076 (ut
846 1035 972 1076 opinor)

262 1087 338 1118 quae,
356 1088 425 1107 cum
447 1083 495 1108 est
509 1089 599 1118 opus,
611 1078 692 1120 jin-is
714 1078 930 1114 contrahendae,
946 1085 972 1108 et

261 1122 352 1150 missis
382 1121 472 1150 literis
493 1127 545 1151 αιιῑ
568 1122 671 1162 legatis
697 1122 871 1151 accersendae
893 1127 972 1151 sunt.

263 1163 357 1202 Apud
374 1163 541 1193 Eusebium
554 1164 608 1193 lib.
625 1166 656 1193 7.
681 1165 899 1194 ecclesiastica:
926 1165 972 1193 hi-

263 1206 366 1236 storiae
383 1205 510 1244 legitur:
527 1205 752 1245 ἒπιστολιμαίων
765 1206 864 1245 δέομαι
879 1218 973 1246 γραμ-

262 1249 375 1287 μάτων.
421 1249 473 1277 Sic
493 1247 715 1287 ἔπιστῡλιμαῖος
736 1261 893 1288 χαρακτκρ,
914 1248 974 1278 ἔπι-

264 1292 429 1329 στολίμαῖᾱ
444 1290 624 1329 συνθηματᾶί,
644 1290 868 1331 Ε’Πίστθλίμαῖῦῐ
885 1302 974 1321 κατη·

264 1333 361 1374 γοςίαι.
379 1332 612 1372 ἐπιστολιμαίους
635 1333 775 1372 δυνάμεις,
790 1333 909 1362 scilicet
928 1340 974 1362 λε-

264 1376 340 1415 γέτω
358 1388 414 1411 τις,
432 1377 512 1405 ἀλλὰ
526 1376 632 1406 ταύτην
652 1376 765 1414 δύναμιν
780 1374 882 1410 ἐθέλω,
897 1375 911 1405 ἢ
925 1378 974 1409 ‘rii-3

264 1419 372 1453 «πόλεώς
396 1418 470 1453 ἐστι,
490 1418 637 1454 τουτέστι,
663 1418 816 1448 πολιτικήν.
843 1419 974 1448 Hermo-

265 1473 357 1502 genes
373 1462 459 1490 addit
474 1461 619 1501 πρόσφερε.
641 1461 767 1491 WoLr.

306 1502 580 1544 Ἐωιστολιμαίους]
604 1504 743 1540 Quatuor
753 1505 877 1541 hujusce
889 1503 974 1532 vocis

265 1548 532 1587 interpretationes
584 1546 738 1576 recensuit
786 1546 973 1576 Tourrellus.

264 1591 369 1621 Prima
385 1595 431 1619 est
454 1589 583 1619 Heni-ici
606 1589 762 1627 Stephani,
781 1589 833 1628 qui
856 1588 973 1618 ἐπιστο-

263 1632 396 1672 λιμοιίους
417 1633 546 1671 δυνάμεις
566 1638 647 1662 recte
666 1633 845 1662 vertendum
870 1637 974 1661 censet

264 1676 409 1706 Missitias
437 1675 552 1714 Copias,
583 1687 622 1705 ex
652 1676 819 1704 Suetonio:
851 1679 882 1704 et
910 1680 972 1704 tum

264 1729 372 1748 sensus
385 1718 455 1753 erit,
471 1717 575 1756 copias
588 1719 819 1752 Veteranorum,
833 1718 884 1755 qui
901 1728 972 1746 con-

263 1766 311 1791 tra
334 1761 498 1801 privilegia
517 1770 571 1789 sua
591 1764 741 1798 coguntur
762 1761 871 1790 iterum
895 1760 972 1789 mili-

263 1809 343 1833 tare.
387 1803 526 1832 Secunda
542 1808 589 1831 est
603 1803 666 1833 Jul.
685 1803 835 1836 Pollucis,
853 1803 903 1840 qui
919 1813 974 1840 per

263 1845 485 1885 ἔπιστολιμαῒος
497 1846 641 1883 intelligit
656 1845 849 1886 Peregrinus:
869 1845 913 1874 ita
930 1850 973 1880 ut,

261 1890 354 1928 juxta
370 1898 449 1922 eum,
466 1887 499 1916 τὸ
516 1886 739 1926 ἔωιστολιμαῖοι
755 1888 883 1926 δυνάμεις
901 1888 971 1916 nihil

265 1932 350 1961 alind
371 1931 554 1970 significabit
573 1941 660 1969 quam
679 1934 773 1968 copias
795 1931 976 1970 peregrinas,

266 1973 300 2008 ἃς
315 1973 533 2005 ἐπιστέλλουσιν
545 1974 566 2002 οἱ
576 1973 652 2011 ξένοι.
695 1973 799 2003 'Tertia
812 1973 975 2003 Pliavorini

267 2023 314 2047 est
328 2028 336 2046 ε
360 2017 446 2055 isque
460 2016 553 2046 vertit
567 2015 731 2051 διαπόντιος,
749 2017 974 2051 transmarinus,

267 2065 298 2090 et
316 2070 370 2099 pro
395 2059 617 2097 ἐπιστολιμαῖος
637 2059 709 2097 legit
733 2060 974 2098 ἀποστολιμαῖος,

267 2113 334 2132 eam
357 2112 464 2132 vocem
484 2103 521 2130 ab
545 2101 705 2135 ἀπόστολος
728 2102 884 2136 derivans,
909 2112 975 2139 quae

268 2146 398 2175 classem
416 2146 481 2174 sive
494 2145 630 2174 navalem
648 2148 822 2183 apparatum
840 2145 973 2174 denotat.

267 2189 395 2226 Quarta,
408 2197 555 2226 quamque
568 2187 636 2226 ipse
647 2188 794 2226 sequitur,
805 2187 910 2216 Wolfii
919 2192 976 2222 est,

268 2231 319 2270 qui
340 2242 395 2270 per
411 2231 465 2260 has
484 2240 577 2259 voces
599 2230 754 2267 intelligit,
771 2230 882 2268 Copias
899 2240 976 2268 quae,

268 2284 336 2303 cum
347 2279 395 2304 est
409 2283 498 2312 opus,
509 2273 583 2302 foris
596 2274 820 2308 contrahendae,
832 2278 862 2302 et
875 2272 976 2301 missis

268 2316 366 2345 literis
383 2322 435 2346 aut.
450 2315 558 2354 legatis
573 2317 763 2346 accersendae
777 2321 855 2344 sunt.
894 2315 976 2344 Hac-

270 2365 359 2387 tenus
383 2358 579 2388 Tourrellus:
605 2368 694 2396 quem
719 2358 812 2387 miror
836 2359 914 2387 duos
937 2368 975 2386 ex

270 2401 399 2430 Polluce
409 2406 439 2430 et
457 2401 626 2430 Phavorino
640 2401 905 2440 interpretationes
923 2401 976 2429 eli-

270 2443 384 2477 «misse,
399 2454 487 2481 quum
502 2444 581 2472 idem
598 2444 686 2483 plane
702 2445 739 2473 ad
754 2445 878 2473 verbum
897 2447 978 2472 uter-

272 2495 331 2524 que
347 2485 446 2523 dicat3
463 2491 595 2525 excepto
611 2488 689 2525 quod
706 2487 755 2515 hic
767 2487 823 2516 ἀπ.
839 2486 890 2515 ille
905 2497 976 2515 vero

272 2527 501 2566 ἔωιστολιμαῖος
524 2530 633 2558 habet:
663 2530 727 2558 vid.
756 2529 831 2558 Poll.
860 2528 899 2558 vi.
925 2532 976 2560 49.

273 2570 439 2600 Pbavorin.
456 2571 514 2599 col.
531 2574 603 2601 682.
632 2572 799 2601 palmerius
816 2572 904 2610 longe
919 2571 978 2600 alio

273 2623 362 2642 sensu
396 2613 474 2641 hunc
511 2613 609 2642 locum
644 2614 880 2653 interpretatur:
913 2615 978 2652 ejus

271 2657 364 2685 verba
376 2656 439 2684 haec
452 2661 531 2684 sunt.
547 2660 567 2673 ‘¹
579 2657 726 2695 intelligit
741 2656 867 2698 (credo)
884 2656 978 2685 minas

271 2708 327 2737 per
353 2698 498 2737 epistolas
525 2698 560 2727 nd
595 2699 771 2738 Philippum
796 2700 915 2732 missas,
940 2699 978 2728 de

271 2741 382 2780 quibus
406 2740 481 2769 infra
504 2740 545 2768 nit
571 2740 611 2778 [ξ.
636 2741 691 2780 uh]
719 2743 783 2775 ταῖς
805 2740 981 2775 ἐπιστολαῖς

271 2785 427 2822 πολεμῆτε
446 2782 611 2820 Φιλίππῳ.”
656 2785 689 2812 ln
707 2785 811 2814 eadem
829 2785 980 2813 sententia

271 2827 395 2856 videtur
416 2835 484 2855 esse
507 2825 668 2854 Scholiast.
691 2827 728 2854 ad
753 2827 826 2855 hanc
853 2837 881 2855 v.
905 2829 979 2856 ()m-

270 2869 342 2898 nino
356 2873 456 2898 nutem
469 2868 539 2897 vide
554 2867 696 2897 Scholion
714 2869 752 2897 nd
767 2879 859 2898 voces
875 2870 917 2907 μή
927 2881 978 2909 μοι

269 2911 390 2951 μυρίους,
410 2911 491 2949 quod
509 2911 546 2939 nb
563 2911 620 2940 alin
636 2911 794 2940 manifeste
816 2921 902 2939 manu
921 2916 977 2940 est.

272 2955 320 2984 Ab
343 2954 482 2985 omnibus
507 2953 588 2984 hisce
610 2953 912 2994 interpretationibus
930 2954 977 2984 di-

1003 703 1092 724 versa
1108 693 1228 723 demum
1251 697 1299 722 est
1322 703 1359 722 ea
1382 703 1470 732 quam
1486 691 1615 732 protulit
1636 693 1712 731 Ety-

1002 736 1160 774 mologus:
1185 737 1227 765 ita
1242 736 1322 765 enim
1335 736 1397 772 ille,
1414 736 1556 767 col.365.
1579 733 1715 765 Ἐπιστο-

1002 777 1147 818 λιμαίους,
1174 779 1358 819 στρατιώτας
1383 777 1531 817 ἀγελαίους
1555 776 1630 807 εἶπεν
1658 783 1714 807 Δη-

1000 820 1149 860 μοσθένης·
1162 824 1238 861 παρὰ
1254 820 1286 850 τὸ
1301 820 1414 857 στόλος,
1426 820 1459 852 τὸ
1469 821 1602 862 στράτος.
1624 821 1714 858 Quae-

1003 874 1070 894 nam
1089 875 1126 894 ex
1142 864 1189 893 his
1206 865 1321 903 optima
1338 864 1388 899 sit,
1411 864 1536 894 lectoris
1553 868 1620 894 esto
1631 862 1715 902 judi-

1003 908 1095 938 cium.
1119 907 1262 937 ΜουΝτ.

1046 948 1299 988 Ἐπιστολιμαίους
1327 949 1440 984 ταύτας
1471 948 1614 989 δυνάμεις]
1648 948 1716 977 Hu-

1000 994 1089 1032 jusce
1113 993 1277 1022 locutionis
1304 992 1388 1032 (quae
1411 992 1487 1022 mire
1511 992 1602 1021 torsit
1621 991 1717 1021 inter·

1005 1035 1124 1076 pretes)
1140 1035 1217 1065 hane
1227 1035 1460 1074 explicationem
1474 1035 1636 1074 proposuit
1650 1033 1718 1063 Oli-

1007 1083 1106 1108 v.etus
1128 1079 1395 1108 “Atheniensibus
1412 1078 1556 1107 usitatum
1568 1082 1634 1107 erat
1648 1076 1717 1106 lite-

1006 1131 1056 1150 ras
1069 1121 1201 1160 undique
1211 1121 1330 1150 mittere
1339 1121 1377 1150 ad
1390 1120 1494 1161 copias
1505 1120 1715 1150 accersendas

1008 1164 1203 1202 Rescriptum
1225 1164 1325 1202 itaque
1343 1169 1408 1193 erat
1424 1174 1459 1193 ex
1475 1163 1533 1193 alio
1551 1167 1639 1202 atque
1655 1161 1716 1192 alio

1007 1207 1075 1235 loco
1086 1207 1165 1235 huno
1181 1206 1303 1235 etillum
1318 1207 1447 1236 militum
1464 1216 1620 1236 numerum
1635 1215 1718 1234 com-

1008 1253 1144 1287 paratum
1164 1250 1236 1278 sore.
1281 1249 1356 1278 Cum
1371 1260 1442 1278 vero
1462 1249 1499 1278 ad
1516 1259 1578 1278 rem
1593 1252 1715 1278 ventum

1008 1296 1100 1326 esset,
1117 1301 1302 1330 nequaquam
1324 1296 1414 1320 tanta:
1431 1295 1561 1330 repertae
1580 1296 1650 1320 sunt
1665 1301 1718 1320 co·

1008 1334 1078 1372 piac,
1095 1339 1214 1372 quantae
1232 1335 1259 1362 in
1278 1334 1377 1363 literis
1394 1333 1462 1363 hinc
1479 1334 1664 1372 petentibus,
1680 1332 1716 1362 il-

1006 1376 1066 1405 linc
1080 1376 1336 1414 promittentibus,
1355 1377 1553 1405 nominantur.
1579 1375 1642 1405 En!
1669 1386 1717 1404 er-

1008 1429 1047 1457 go
1064 1418 1137 1457 quid
1156 1418 1305 1456 significat
1320 1416 1559 1457 ἐπιστολιμειίους
1570 1417 1716 1457 δυνάμειςε

1008 1461 1184 1500 magnificos
1212 1461 1268 1490 hos
1295 1466 1459 1500 apparatus
1486 1461 1539 1500 qui
1561 1462 1591 1490 in
1621 1460 1718 1491 literis

1010 1504 1199 1533 solummodo
1220 1503 1360 1542 utrinque
1383 1503 1508 1543 scriptis
1535 1501 1719 1534 exsistunt.”

1011 1545 1056 1576 Ex
1070 1548 1139 1576 edit.
1164 1547 1287 1577 S‘rocn.

1050 1588 1163 1620 Ἀλλ’ῗι
1180 1591 1230 1622 τ’ἦς
1252 1589 1359 1624 πόλεως
1374 1588 1466 1629 ἔσται]
1490 1589 1600 1621 Malim
1620 1587 1718 1619 ἀλλ’ἢ

1007 1633 1057 1666 τῧς
1080 1632 1186 1665 πόλεως
1212 1632 1308 1668 ἔσται,
1334 1632 1381 1661 καὶ
1409 1633 1472 1662 κοῖν.
1490 1633 1612 1662 videtur
1639 1632 1719 1662 enim

1008 1675 1193 1709 necessario,
1217 1675 1356 1713 quamvis
1382 1676 1555 1715 κακοφώνοις,
1580 1676 1719 1705 addenda

1008 1719 1192 1755 conjunctio.
1215 1719 1335 1748 wonr.
1373 1719 1451 1752 ἴσως,
1473 1719 1520 1747 καὶ
1544 1718 1576 1747 ἃν
1598 1718 1718 1748 ὁντινοῦν.

1007 1761 1165 1791 TAx'Lon.
1206 1762 1282 1790 Haec
1299 1771 1382 1789 mens
1406 1765 1453 1789 est
1475 1761 1655 1800 scriptoris:
1679 1770 1717 1789 ne

1009 1803 1083 1832 alias
1097 1803 1280 1832 enumeretis
1293 1803 1398 1842 copias
1415 1813 1505 1842 quarn
1520 1803 1717 1833 domesticas.

1009 1845 1137 1876 Riimo.

1051 1889 1147 1928 Τούτῳ
1168 1887 1317 1929 πείσεται]
1340 1888 1466 1918 Scilicet
1486 1889 1499 1919 ἦ
1518 1891 1650 1921 mxx-nxz
1671 1889 1716 1920 δύ-

1008 1942 1103 1970 ναμις.
1147 1932 1238 1961 Unde
1261 1936 1399 1971 apparet,
1416 1932 1620 1962 mercenarios
1639 1932 1718 1962 miti-

1010 1979 1056 2003 tes
1070 1984 1127 2003 non
1137 1975 1237 2003 cuivis
1253 1974 1324 2004 duci
1339 1984 1447 2013 parere
1464 1974 1582 2005 solitos.
1597 1974 1719 2006 Wonr.

1053 2017 1104 2045 Καὶ
1134 2018 1232 2057 τροφὴν
1261 2015 1351 2057 ταύτῃ
1378 2015 1490 2056 πορίσαι
1517 2017 1635 2057 κελεύω]
1665 2019 1720 2049 Thr

1009 2061 1107 2100 τροφὴν
1126 2060 1183 2089 etsi
1206 2060 1235 2088 iu
1253 2060 1426 2089 universum
1443 2060 1482 2089 de
1498 2060 1718 2092 sustentatione

1010 2102 1167 2132 exercitus
1184 2102 1356 2141 intelligere
1373 2103 1456 2137 licet,
1472 2107 1572 2133 tamen
1589 2113 1644 2142 pro
1664 2115 1718 2134 an-

1010 2156 1096 2180 nona,
1116 2156 1169 2175 seu
1192 2151 1362 2180 commeatu,
1388 2145 1468 2184 quod
1489 2145 1642 2187 σιτηρέσιον
1663 2157 1719 2186 po-

1010 2193 1076 2217 stea
1105 2189 1198 2223 dicet,
1228 2188 1384 2226 intelligo:
1411 2192 1443 2217 ut
1469 2193 1500 2218 et
1529 2189 1652 2224 cibaria,
1669 2189 1718 2219 vel

1010 2237 1122 2260 certam
1154 2242 1208 2270 pro
1238 2231 1276 2259 iis
1307 2230 1467 2270 pecuniam
1497 2231 1536 2260 ad
1567 2236 1719 2261 sustenta-

1012 2273 1123 2302 tionem
1148 2274 1299 2312 corporis,
1315 2278 1345 2302 et
1368 2273 1456 2302 aliam
1481 2273 1636 2312 pecuniam
1661 2284 1718 2314 pro

1011 2316 1165 2346 laboribus
1186 2322 1215 2345 et
1232 2316 1376 2354 periculis
1395 2315 1538 2345 dederint
1557 2316 1721 2351 militibus,

1011 2369 1077 2397 quae
1093 2361 1254 2398 conjuncta
1266 2357 1312 2388 τὸν
1327 2357 1422 2388 ἐντελῆ
1437 2359 1558 2397 μισθὸν,
1571 2360 1720 2400 integrum

1010 2402 1197 2439 stipendium,
1212 2401 1407 2431 confecerint.
1431 2402 1542 2431 Suidas
1555 2401 1719 2442 σιτηςὲσιον,

1011 2443 1043 2472 τὸ
1071 2443 1203 2483 διδόμενόν
1228 2455 1302 2473 τισιν
1328 2444 1364 2477 εἷς
1390 2445 1496 2483 τροφήν,
1542 2444 1719 2483 Hesychius

1011 2485 1122 2526 ἐφόδιον.
1169 2487 1305 2516 Budaeus
1330 2486 1489 2516 militarem
1519 2497 1665 2516 altinonam
1689 2491 1720 2516 et

1012 2529 1198 2569 stipendium
1222 2536 1252 2559 et
1267 2535 1412 2559 tesseram
1433 2529 1657 2559 frumentariam
1675 2529 1721 2559 in-

1013 2577 1206 2610 terpretatur.
1233 2572 1323 2610 Apud
1340 2573 1491 2601 Caesarem
1508 2577 1553 2601 est
1567 2573 1719 2611 frequens,

1013 2615 1162 2644 militibus
1193 2615 1292 2644 metiri
1323 2614 1514 2649 Frumentum,
1540 2613 1572 2643 τό
1597 2625 1719 2653 σιτομε-

1013 2659 1095 2697 τρεῖν,
1123 2657 1136 2687 ἢ
1159 2658 1330 2687 σιτοδοτεῖν;
1362 2659 1447 2695 cnjus
1472 2657 1571 2686 locum
1603 2657 1719 2688 adscri-

1015 2701 1085 2729 bere
1102 2700 1194 2729 libet:
1219 2704 1227 2717 ‘
1240 2701 1386 2738 Ingresso
1401 2699 1491 2728 civile
1508 2700 1633 2737 bellum,
1647 2712 1720 2731 cen·

1015 2742 1150 2771 turiones
1161 2744 1309 2780 cujusque
1319 2741 1445 2779 legionis
1453 2741 1590 2781 singulos
1600 2745 1719 2782 equites

1015 2796 1031 2813 e
1048 2785 1160 2813 viatico
1178 2795 1232 2813 suo
1249 2785 1444 2813 obtulerunt:
1471 2789 1500 2814 et
1517 2786 1651 2817 universi
1663 2788 1719 2817 mi-

1013 2827 1082 2856 lites
1093 2827 1251 2865 gratuitnm
1268 2831 1298 2855 et
1311 2827 1374 2856 sine
1387 2827 1538 2857 frumento
1551 2829 1719 2868 stipendio·

1013 2879 1072 2907 que
1093 2879 1228 2907 operam,
1249 2879 1315 2898 cum
1337 2870 1508 2900 tenuiorum
1532 2873 1653 2902 tutelam
1674 2873 1719 2902 lo·

1012 2911 1198 2950 cupletiores
1217 2912 1245 2940 in
1262 2923 1294 2942 se
1311 2912 1519 2942 contulissent.
1565 2916 1672 2953 Neque
1687 2915 1718 2945 in

1012 2960 1072 2984 tuni
1088 2955 1231 2985 diuturno
1248 2955 1347 2995 spatio
1362 2956 1518 2996 quisquam
1531 2957 1652 2988 omnino
1664 2959 1717 2988 de-
