1824 3171
133 116 194 153 xlii
422 149 426 154 .
571 113 901 152 HIERONYMI
931 114 1134 154 WOLFII

133 218 291 269 singulis
309 217 390 256 fere
410 217 545 256 diebus
564 218 677 257 horas
697 219 899 266 detineret,
921 232 1045 271 eaque
1064 217 1261 270 provincia
1284 216 1443 268 optimas
1461 227 1573 267 quas-

133 293 209 331 que
237 280 349 318 horas
382 293 449 318 suo
477 280 547 318 sibi
571 285 658 330 jure
689 282 919 327 vendicaret,
953 295 998 320 ac
1029 281 1186 318 vixdum
1217 292 1455 331 aggressum,
1486 291 1575 316 cum

135 341 300 379 maxime
319 341 494 379 fervebat
511 342 671 386 animus,
693 355 714 379 e
734 343 861 380 medio
890 342 1114 393 plerumque
1134 342 1250 379 veluti
1278 354 1391 378 cursu
1418 352 1576 378 revoca-

134 411 206 448 ret,
220 417 315 450 vcum
332 416 406 441 non
424 410 464 440 ut
480 403 763 441 Demosthenes
784 404 819 440 in
839 405 1088 441 subterraneo
1104 415 1219 454 specu
1236 402 1388 440 abditus
1402 403 1579 446 laterem,

135 465 202 502 sed
225 464 259 501 in
289 464 375 501 loco
403 464 728 501 turbulentissimo
753 477 933 508 versarer,
962 464 1074 508 adeo,
1095 471 1137 500 ut
1164 463 1356 501 interdum
1385 475 1485 513 pene
1513 462 1580 499 ob-

138 525 400 562 surdescerem
423 525 582 575 strepitu
603 531 641 561 et
659 524 884 562 clamoribus
914 523 1130 562 hominum:
1159 537 1237 561 non
1263 523 1431 574 pluribus
1450 530 1581 560 tamen

136 587 329 624 mensibus
351 587 405 636 (id
424 585 522 636 quod
551 585 788 622 convictores
809 585 882 622 mei
909 591 949 622 et
968 584 1170 622 familiares
1190 597 1266 622 non
1294 585 1409 635 pauci
1427 582 1581 632 norunt)

138 654 260 684 totum
287 647 402 685 latine
436 646 643 697 conscripsi
674 646 976 683 Demosthenem
1007 645 1056 682 ab
1085 645 1192 683 initio
1220 659 1341 697 usque
1372 645 1423 682 ad
1452 644 1581 689 finem,

138 720 250 758 quam
278 708 340 758 qui
369 708 406 744 in
435 714 494 745 tot
522 707 840 758 occupationibus
867 707 917 744 ad
938 706 1142 757 diligenter
1165 705 1440 757 perlegendum
1459 705 1586 755 requi-

138 777 280 807 rantur.
335 771 465 811 Quare
484 769 587 806 beati
608 769 667 806 isti
695 777 735 807 et
763 769 883 814 otiosi,
904 768 979 818 qui,
1000 768 1029 805 si
1049 781 1162 806 unam
1190 775 1304 818 atque
1323 767 1483 805 alteram
1501 767 1585 805 De-

143 831 362 876 mosthenis,
383 839 448 868 aut
478 831 670 875 Isocratis,
699 831 906 868 aliorumve
935 830 1161 879 scriptorum
1188 829 1477 874 oratiunculam,
1502 829 1586 866 lon-

142 893 250 942 giore
284 892 398 930 etlam
435 892 570 941 spatio,
600 904 712 942 quam
745 891 937 941 elephanti
969 891 1135 941 pariunt,
1167 890 1427 927 elucubratam
1457 889 1588 927 edide-

140 954 227 998 rint,
259 953 309 989 dii
339 952 409 989 sibi
439 952 629 997 videntur,
659 952 774 1001 iniqui
811 952 849 988 in
877 964 939 989 me
965 951 1117 999 judices
1151 964 1234 988 esse
1266 963 1343 987 non
1375 950 1586 988 debebunt.

143 1013 230 1063 Ego
260 1014 373 1058 enirn,
403 1013 434 1050 si
466 1012 622 1050 fortuna
654 1020 862 1063 pateretur,
898 1025 1030 1050 eorum
1060 1012 1278 1049 tarditatem
1310 1011 1445 1049 imitari
1472 1011 1588 1049 facile

140 1088 316 1126 possem:
345 1074 417 1125 ipsi
445 1087 566 1111 meam
596 1074 903 1124 properationem
922 1073 1085 1111 fortasse
1104 1086 1180 1111 non
1199 1073 1451 1110 imitarentur.
1506 1072 1589 1110 Ne-

144 1150 219 1188 que
263 1137 348 1174 haec
396 1136 658 1174 ostentationis
704 1149 819 1173 causa
863 1136 953 1173 dico
994 1139 1133 1186 (neque
1180 1135 1280 1173 enim
1326 1134 1468 1180 nescio,
1510 1147 1589 1172 non

140 1206 217 1235 tam
245 1198 452 1236 celeritatis
481 1211 564 1235 esse
591 1197 759 1243 laudem,
789 1211 902 1248 quam
929 1197 1122 1246 bonitatis)
1144 1197 1214 1234 sed
1243 1197 1292 1234 ad
1313 1196 1463 1234 veniam
1493 1196 1589 1233 dun·

144 1266 254 1297 taxat
280 1259 428 1297 facilius
454 1259 730 1309 impetrandam
756 1259 843 1296 volo
868 1258 1071 1309 pertinere.
1129 1258 1207 1296 Cur
1236 1257 1335 1296 enim
1360 1271 1437 1295 non
1463 1257 1592 1294 malim

145 1321 304 1358 solidam
331 1321 457 1371 potius
486 1321 639 1358 laudem
668 1327 860 1371 expetere,
890 1332 995 1357 mora
1020 1319 1191 1370 longiore
1221 1319 1457 1370 interposita,
1477 1331 1592 1368 quam

147 1383 360 1433 aliquorum
380 1382 741 1433 reprehensionibus
769 1382 883 1419 nimia
909 1381 1152 1419 festinatione
1180 1381 1271 1418 dare
1297 1380 1455 1418 locum?
1496 1380 1594 1417 Sunt

151 1445 266 1494 enim,
288 1445 353 1495 qui
385 1457 540 1481 summae
560 1443 784 1481 temeritatis
812 1456 895 1480 esse
919 1449 1116 1487 censeant,
1139 1443 1243 1480 brevi
1271 1449 1446 1492 tempore
1467 1440 1598 1489 conari

148 1506 354 1557 quicquam
384 1506 423 1542 in
458 1506 737 1550 Demosthene,
771 1506 879 1554 cujus
911 1517 1044 1541 omnes
1077 1503 1270 1541 orationes
1303 1502 1444 1541 fuerint
1479 1503 1595 1552 longo

148 1575 321 1617 tempore
339 1568 546 1604 meditatae.
606 1566 714 1610 Sunt,
739 1566 803 1615 qui
829 1572 985 1602 aetatem
1005 1578 1127 1602 meam
1149 1565 1369 1615 exagitent:
1407 1571 1508 1609 sunt,
1530 1562 1596 1614 qui

150 1643 258 1667 usum
278 1642 404 1666 rerum
424 1629 462 1665 in
481 1642 542 1666 me
563 1628 792 1666 desiderent.
842 1627 959 1669 Quasi
978 1640 1066 1664 vero
1087 1634 1151 1664 aut
1170 1627 1270 1663 idem
1290 1626 1338 1664 sit
1357 1633 1597 1671 convertere,

151 1691 255 1741 quod
275 1690 540 1728 conscribere:
567 1696 632 1727 aut
654 1689 811 1734 Nestor,
829 1696 1032 1738 antequam
1051 1688 1124 1725 tria
1140 1687 1299 1724 vixisset
1319 1687 1461 1732 secula,
1482 1687 1597 1724 homo

152 1766 228 1790 non
248 1752 386 1790 fuerit:
425 1759 488 1789 aut
503 1751 784 1802 grammaticus,
806 1750 842 1787 in
859 1750 1008 1800 optimis
1031 1749 1224 1799 utriusque
1244 1749 1385 1799 linguae
1404 1747 1599 1798 scriptori-

151 1816 224 1853 bus
245 1816 292 1852 ab
313 1815 468 1852 ineunte
488 1821 660 1851 versatus
675 1820 803 1858 aetate,
817 1824 972 1850 munere
992 1824 1060 1848 suo
1076 1810 1183 1860 fungi
1199 1817 1377 1860 nequeat,
1396 1809 1467 1847 nisi
1483 1810 1599 1855 idem,

152 1876 479 1927 quemadmodum
507 1874 733 1912 Alexander
760 1873 941 1923 Magnus,
973 1872 1074 1909 orbis
1099 1879 1283 1909 terrarum
1310 1871 1511 1922 imperium
1531 1869 1597 1907 ad-

152 1937 372 1974 ministrarit
385 1937 403 1973 ?
434 1936 622 1974 Ridiculae
642 1942 731 1972 sunt
749 1933 960 1971 istiusmodi
982 1933 1253 1977 cavillationes,
1275 1940 1313 1970 et
1333 1933 1413 1983 ipsa
1430 1932 1599 1970 malevo-

154 1999 272 2036 lentia
287 2000 445 2049 jejunae.
500 1998 601 2034 Nam
630 1997 722 2034 illud
747 1996 923 2047 profecto
949 2008 1023 2032 non
1042 1995 1154 2032 valde
1175 1994 1304 2039 metui,
1325 2007 1373 2030 ne
1394 1993 1478 2044 quis
1498 1993 1600 2031 hanc

155 2061 260 2098 velut
278 2061 457 2097 adoream
478 2059 567 2096 mihi
587 2058 822 2109 praeriperet.
880 2057 1018 2108 Neque
1048 2056 1146 2093 enim
1173 2056 1204 2092 is
1226 2063 1282 2094 est
1301 2056 1598 2101 Demosthenes,

156 2121 219 2171 qui
246 2135 287 2158 se
307 2121 365 2158 vel
394 2120 470 2170 legi
499 2121 546 2157 ab
575 2120 762 2164 omnibus,
792 2119 933 2157 nedum
963 2118 1133 2156 converti
1162 2118 1342 2168 patiatur.
1397 2117 1450 2154 Et
1477 2116 1600 2167 quiid

156 2190 314 2232 possent
333 2182 370 2218 in
390 2182 513 2226 Italia,
532 2181 670 2226 Gallia,
694 2181 914 2224 Germania,
932 2187 1047 2229 atque
1065 2180 1147 2217 aliis
1166 2180 1390 2224 nationibus,
1404 2179 1442 2216 in
1462 2179 1602 2230 quibus

159 2243 351 2280 literarum
380 2243 504 2280 studia
536 2243 690 2288 florent,
713 2242 926 2292 complures
955 2241 1091 2278 eruditi
1118 2242 1320 2290 majoribus
1343 2249 1408 2279 aut
1436 2241 1603 2292 splendi-

161 2305 327 2342 dioribus
349 2305 526 2355 occupati
553 2305 679 2348 rebus,
699 2303 970 2341 scholasticum
996 2302 1082 2349 hoc,
1111 2310 1227 2353 atque
1256 2303 1355 2340 adeo
1385 2303 1602 2353 grammati-

162 2379 247 2402 cum
269 2366 541 2415 interpretandi
562 2377 687 2415 graeca
705 2377 843 2401 munus
862 2363 1075 2413 negligunt.
1124 2364 1204 2401 Sed
1223 2364 1307 2401 duae
1327 2377 1387 2402 me
1406 2377 1466 2402 res
1485 2364 1602 2402 vehe-

163 2433 311 2463 menter
339 2426 564 2463 incitarunt:
605 2437 681 2462 una
708 2432 777 2470 est,
807 2437 853 2462 ac
882 2425 1088 2475 praecipua,
1117 2425 1342 2463 valetudinis
1373 2426 1502 2475 (quam
1532 2438 1602 2476 per

161 2488 380 2525 servitutem
410 2495 448 2525 et
467 2488 629 2538 inopiam
650 2487 738 2524 satis
758 2499 890 2524 curare
916 2500 992 2524 non
1011 2486 1112 2533 licet)
1133 2496 1315 2538 perpetua
1333 2487 1412 2524 fere
1432 2487 1602 2525 imbecil-

162 2549 260 2593 litas,
292 2563 377 2600 quae
407 2549 443 2585 in
473 2549 546 2585 hoc
573 2561 688 2599 opere
718 2549 951 2585 laborantem
980 2562 1056 2585 non
1085 2549 1202 2587 semel
1231 2549 1268 2585 in
1294 2548 1602 2599 desperationem

163 2611 248 2647 vitae
268 2611 442 2658 conjecit.
500 2610 575 2654 Sic,
597 2623 683 2660 quae
714 2622 772 2647 res
798 2610 889 2647 alios
909 2610 1104 2659 segniores
1131 2611 1178 2647 ad
1204 2611 1373 2647 laborem
1394 2609 1532 2655 reddit,
1555 2622 1602 2647 ea

165 2671 254 2708 mihi
286 2672 417 2721 ingens
445 2671 570 2709 calcar
599 2671 757 2715 addidit,
784 2670 979 2714 metuenti,
1008 2684 1056 2708 ne
1081 2679 1249 2722 coeptum
1276 2684 1384 2721 opuS,
1411 2671 1447 2707 in
1472 2670 1600 2708 medio

166 2733 281 2770 veluti
303 2746 426 2777 cursu,
449 2733 646 2770 immatura
666 2739 784 2769 morte
803 2732 1104 2782 abrumperetur.
1161 2732 1313 2769 Deinde
1333 2731 1490 2769 verebar
1510 2734 1603 2781 (non

167 2794 319 2843 ignarus
346 2794 412 2840 fati
434 2796 519 2839 mei,
541 2807 601 2831 me
621 2806 805 2843 nusquam
837 2794 914 2831 fere
945 2794 1082 2832 diutius
1108 2794 1320 2831 consistere
1345 2793 1535 2844 patientis)
1553 2807 1605 2832 ne

167 2855 257 2892 mihi
276 2855 348 2894 alio
367 2856 598 2902 abeundum,
619 2862 657 2892 et
677 2863 758 2893 tota
778 2855 874 2893 ratio
891 2856 1100 2892 studiorum
1122 2855 1174 2904 (id
1195 2854 1295 2905 quod
1318 2854 1354 2892 in
1383 2855 1601 2906 peregrina-
