1824 3171
536 204 1174 250 ΔΗΜΟΣΘΕΝΟΥΣ
1236 209 1424 252 ΒΙΟΣ

214 208 434 250 cclxxviii

214 314 321 374 Διος
348 339 425 368 του
441 317 632 384 σωτῆρος
656 317 853 409 οἷξγύριον
880 329 1024 370 τελεῖν
1044 330 1134 379 τοῖς
1122 320 1546 411 κατασκευάζουσι
1571 343 1651 371 και

211 412 426 459 noo-pavum
453 414 528 442 τον
554 390 768 460 βωμὸν,
753 391 895 458 εκείνῳ
923 391 1025 444 τότε
1053 393 1209 445 ταῦτα
1235 419 1418 456 ποιησαι
1445 419 1523 446 και
1548 417 1652 445 ποι-

205 474 392 530 ροισχεῒν
417 463 692 524 πεντήκοντα
726 465 960 517 ταλοίντων
995 464 1062 531 ἓξε
1057 466 1279 530 dwnoev,‘'
1255 491 1362 543 οπερ
1395 469 1442 530 ἦν
1471 467 1652 537 τίμημα

209 537 287 599 τῆς
313 535 580 597 κατοιὸίμιης

281 612 351 671 κη’,
430 609 500 662 Ου
523 607 609 679 μὴν
636 633 710 661 em
732 610 873 662 πολυν
881 611 1045 700 χξὸνον
1071 612 1305 665 οἷπελοιυσε
1335 615 1413 675 τῆς
1437 612 1649 689 πατρίδος

205 681 456 744 marafim,
475 682 609 734 οἶλλοι
630 707 758 749 ταχυ
779 708 864 735 των
881 685 1150 747 Ελληνικων
1170 711 1457 778 πραγματων
1477 711 1648 779 συντρι-

205 754 381 818 ξέντων,
408 757 791 823 Μεταγειτνιωνος
821 783 901 827 μεν
924 759 949 820 ἦ
974 783 1079 846 ‘co-sea
1117 761 1330 852 Κρανωνοι
1356 760 1491 830 μοὲχη
1525 762 1646 812 συνέ-

202 852 346 889 πεσε,
375 828 677 923 Βοηδρομιωνος
701 828 743 884 δε
772 833 1004 926 παρῆλθεν
1032 857 1090 891 εις
1117 832 1375 900 Μουνυχίαν
1403 835 1429 896 ἦ
1466 833 1643 924 φρουροὶ,

200 901 501 971 Πυανεψιωνος
519 902 561 956 δὲ
579 905 867 974 Ammo-&evm
884 905 1076 959 οἷπεθοινε
1096 905 1212 959 τ6νδε
1229 908 1302 960 τὸν
1318 905 1519 1000 τρόπον.
1551 908 1644 966 (Ως

196 977 494 1069 Avrtwoerpoq
516 1002 595 1030 και
621 978 843 1072 Κρατερος
865 979 1146 1046 η”γγελλοντο
1175 980 1421 1056 προσιόντες
1447 1006 1520 1034 επι
1554 1005 1643 1040 τας

196 1050 406 1116 Ἀθήνας,
432 1052 472 1104 οἶ
491 1077 570 1122 μεν
590 1054 690 1142 πεξὶ
717 1078 792 1106 τον
817 1054 1084 1124 Δημοσθένη
1110 1034 1376 1119 φθάσαντες
1399 1053 1644 1120 ὑπεξῆλθον

196 1148 246 1177 εκ
273 1127 352 1188 τῆς
374 1124 560 1190 πόλεως,
587 1151 608 1178 ο
633 1125 679 1180 δε
709 1125 843 1198 δῆμος
875 1152 1022 1181 αυτ-ων
1055 1129 1254 1181 Saum-ov
1287 1153 1513 1195 κατεγνω,
1548 1140 1642 1190 Δη-

237 1232 341 1260 Ταυτοι
369 1242 490 1262 womero-t
517 1244 565 1262 και
595 1234 780 1274 παρασχεῖν]
825 1233 899 1264 Scil.

195 1284 303 1304 ornare
320 1279 409 1313 atque
425 1275 574 1305 insu-uere
589 1286 670 1305 aram
685 1276 774 1307 Jovis
789 1277 898 1306 Serva-

196 1316 282 1352 toris,
297 1321 327 1346 et
342 1317 515 1348 necessaria
530 1328 648 1358 pompae
665 1319 812 1357 praebere.
827 1317 898 1348 ἐκδι-

193 1358 263 1389 δόναι
279 1358 326 1399 [ν.
341 1360 388 1400 3.]
405 1361 531 1397 dicitur,
547 1371 617 1390 cum
639 1362 825 1400 respublica,
842 1372 896 1391 seu

195 1402 313 1438 civitas,
329 1403 420 1433 alicui
442 1403 613 1442 susceptori
637 1404 736 1433 elocat
762 1414 837 1444 opus
854 1405 899 1434 sa-

193 1445 336 1474 ciendum
360 1450 443 1474 certa
464 1447 619 1482 mercede,
640 1457 707 1485 quae
729 1457 845 1476 merces
868 1447 895 1476 ei

192 1498 232 1516 ex
248 1487 355 1517 aerario
383 1488 568 1524 refundatur,
591 1493 791 1528 posteaquam
817 1499 895 1528 opus

192 1530 380 1568 praestiterit.
427 1531 479 1560 Sic
502 1530 560 1560 hoc
584 1531 665 1567 loco,
689 1542 758 1561 cum
782 1532 895 1561 Demo-

190 1573 340 1610 sthenem,
360 1573 497 1604 aerarium
513 1575 638 1609 facturn,
652 1574 813 1604 sublevare
831 1576 895 1605 vel-

188 1615 264 1651 lent,
278 1626 338 1655 quo
354 1617 543 1646 commodius
560 1617 702 1646 mulctam
719 1618 894 1656 dependere

188 1663 296 1697 posset
330 1658 506 1699 irrogatam,
536 1659 693 1690 elocabant
726 1660 754 1689 ei
785 1670 892 1690 munus

186 1703 329 1731 ornandae
356 1712 415 1731 arae
439 1703 552 1739 Jovis3
589 1712 685 1741 eaque
714 1712 770 1741 pro
800 1713 893 1741 opera

188 1744 388 1774 eondicebant
409 1744 471 1784 ipsi
486 1745 704 1784 quinquaginta
725 1745 836 1775 talenta
851 1756 891 1775 ex

185 1787 292 1817 aerario
316 1787 472 1817 reluenda.
531 1788 593 1817 Fae
609 1788 714 1817 decem
739 1788 852 1818 talenta
874 1799 891 1818 a

186 1830 395 1860 Demosthene
418 1831 448 1860 in
473 1834 651 1868 apparatum
676 1830 817 1860 ludorum
844 1831 889 1860 fu-

184 1873 248 1902 isse
278 1873 464 1907 faciendum,
500 1873 675 1902 lucrabatur
704 1877 803 1902 tamen
831 1874 888 1903 hoc

183 1920 275 1955 pacto
290 1916 491 1954 quadraginta
506 1915 628 1950 talenta,
651 1926 717 1955 quae
738 1916 810 1954 ipsi,
833 1917 887 1945 hae

182 1959 234 1997 pia
249 1958 357 1988 frande
377 1959 408 1988 in
430 1959 530 1997 legem
553 1958 727 1994 commissa,
751 1959 887 1988 remitte-

183 2003 304 2037 bantur,
316 2011 384 2040 quae
406 2001 456 2030 lex
479 2001 518 2030 de
533 2001 649 2031 mulcta
665 2001 825 2040 quicquam
841 2012 887 2030 re-

179 2044 262 2074 mitti
285 2045 408 2074 vetabat
430 2043 469 2079 ei,
485 2043 534 2072 cui
557 2044 652 2074 semel
669 2044 783 2073 mulcta
803 2043 886 2074 dicta

180 2091 273 2117 esset.
296 2087 415 2117 Rmsx.

221 2128 274 2160 κη’.
296 2130 539 2168 Μεταγειτνιῶνος,
562 2128 765 2168 Βοηδςομιῶνος,
782 2134 886 2158 Πυανε-

179 2171 292 2213 ψιῶνος]
303 2174 417 2202 Gazam
429 2175 550 2201 secutus
561 2171 691 2207 Julium,
703 2172 884 2211 Augustum,

180 2214 341 2251 Octobrem,
356 2215 558 2253 interpretor:
581 2224 639 2243 non
655 2214 777 2252 ignarus
787 2214 884 2243 Geor-

178 2258 262 2296 gium
278 2257 512 2296 Pachymerium
535 2257 565 2287 in
585 2266 640 2286 sua
654 2256 781 2286 historia
795 2256 884 2286 mini-

179 2311 228 2330 me
251 2300 421 2330 consentire
443 2310 512 2329 cum
535 2310 583 2335 eo,
608 2303 660 2329 aut
686 2309 754 2328 eum
778 2299 883 2337 potius

178 2343 229 2381 qui
247 2343 368 2373 nomina
382 2343 530 2372 mensium
545 2343 575 2372 in
589 2341 775 2380 marginibus
791 2342 882 2372 inter-

178 2389 316 2423 pretatus
340 2391 396 2415 est.
441 2386 511 2422 Qua
527 2386 564 2415 de
580 2395 613 2414 re
628 2385 803 2423 disceptent
818 2385 882 2421 alii,

177 2426 241 2467 ἐμοὶ
268 2431 322 2468 γὰρ
345 2427 422 2468 φίλον
444 2427 497 2467 ἔξω
517 2428 698 2469 πραγμάτων
721 2425 783 2457 πόδ’
798 2426 881 2469 ἔχειν.

178 2470 303 2500 Ψοπ.

219 2511 252 2542 Ἠ
270 2513 329 2554 περὶ
345 2515 466 2554 Κξανῶνα
480 2513 584 2555 μάχη]
617 2513 736 2544 Plinius
752 2512 832 2542 libro
849 2515 879 2543 4.

176 2566 244 2595 cap.
257 2560 287 2586 8.
306 2561 335 2586 et
352 2559 381 2587 9.
428 2558 598 2586 Cranonem
623 2557 652 2585 in
667 2555 833 2590 Thessalia,
848 2560 879 2586 et

177 2599 367 2638 Magnesiam
392 2600 497 2628 urbem
529 2599 672 2634 nominat,
701 2603 731 2628 et
755 2599 809 2628 lib.
826 2601 878 2629 31.

176 2642 268 2671 sontis
282 2642 373 2671 calidi
387 2643 524 2671 cranone
539 2642 687 2671 meminit.
718 2642 823 2671 Iol-:M-

217 2684 280 2725 Περὶ
294 2687 414 2725 Κρανῶνα
430 2685 533 2725 μάχη]
557 2685 687 2719 Cranon,
700 2685 771 2713 urbs
781 2685 877 2713 Thes-

174 2727 373 2769 saliae,juxta
396 2728 530 2756 Peneum
554 2728 623 2762 sita,
651 2727 702 2756 ubi
718 2727 878 2765 Antipater

174 2774 205 2799 et
222 2772 365 2800 Craterus
377 2771 492 2808 junctis
509 2770 609 2809 copiis
627 2771 750 2800 Graecos
772 2770 876 2809 profli-

173 2814 293 2852 gabant.
340 2812 419 2842 Vide
448 2813 526 2842 Plut.
557 2812 587 2842 iu
618 2813 774 2842 Phocione
801 2815 875 2843 753.

172 2856 304 2886 Diodor.
322 2857 371 2886 18.
409 2855 449 2884 B.

217 2899 262 2933 Εἰς
274 2897 442 2940 Μουνυχίαν]
462 2899 564 2928 Locus
575 2897 698 2932 Atticm,
711 2897 805 2926 Soida
822 2908 873 2926 nu-

171 2946 268 2977 ctore,
283 2942 463 2978 maritimus,
479 2952 495 2970 a
512 2951 582 2979 rego
599 2941 753 2980 Munycho
765 2941 809 2969 sic
827 2941 872 2969 di-

172 2989 250 3022 ctus,
269 2996 320 3016 scu
336 2990 453 3025 portos,
468 2989 499 3015 ut
517 2984 577 3013 alii.
603 2984 722 3013 wom.

978 1233 1148 1276 Μουνυχίαν]
1173 1234 1285 1265 Portus
1301 1233 1507 1269 Atheniensis,
1527 1233 1556 1263 in
1580 1244 1640 1272 quo

933 1283 997 1307 erat
1021 1288 1076 1308 arx
1100 1278 1312 1308 munitissima.
1357 1277 1446 1306 Hanc
1472 1277 1529 1306 nisi
1551 1277 1638 1316 prius

932 1319 991 1348 sibi
1016 1321 1180 1356 traderent,
1195 1325 1228 1350 ut
1243 1319 1420 1359 praesidium
1437 1319 1465 1348 in
1481 1329 1518 1348 ea
1534 1320 1638 1348 Mace-

931 1362 1073 1393 donicum
1104 1363 1279 1397 collocaret,
1309 1372 1413 1392 omues
1444 1361 1637 1391 conditiones

930 1405 1017 1443 pacis
1048 1406 1204 1435 recusavit
1227 1405 1395 1444 Antipater.
1454 1404 1634 1434 Praesidium

930 1458 1003 1487 ergo
1020 1457 1085 1477 eam
1111 1447 1290 1488 occupavit,
1311 1448 1380 1486 ipso
1409 1446 1633 1476 Eleusiniorum

930 1490 1146 1530 mysteriorum
1162 1491 1224 1525 die,
1248 1499 1356 1528 magno
1382 1489 1490 1528 populi
1515 1490 1632 1519 dolore.

931 1531 1027 1562 Plura
1053 1532 1125 1562 vide
1153 1532 1232 1572 apud
1258 1537 1393 1562 nostrum
1419 1531 1452 1561 in
1477 1531 1633 1561 Phocione

929 1586 960 1614 p.
975 1577 1050 1605 754.
1082 1576 1116 1605 Β.

972 1618 1005 1646 Οἱ
1032 1616 1087 1657 μὲν
1112 1616 1173 1658 περὶ
1189 1615 1234 1647 τὸν
1251 1614 1419 1655 Δημοσθένη
1448 1614 1631 1657 φξτάσαντες]

929 1660 1036 1689 Utrum
1051 1661 1278 1700 περιφραστικῶς
1295 1660 1378 1689 solus
1392 1658 1478 1699 ipse?
1502 1659 1574 1698 quia
1584 1669 1632 1689 se-

926 1703 1039 1741 quitur,
1054 1703 1139 1732 αὖτοῦ
1155 1702 1277 1731 θάνατον
1296 1700 1433 1739 κατέγνω.
1476 1701 1522 1731 An
1540 1701 1629 1731 etiam

925 1745 977 1774 alii
993 1745 1132 1783 ejusdem
1154 1744 1315 1774 factionis?
1341 1749 1371 1774 et
1386 1754 1442 1783 pro
1464 1743 1562 1779 αὐτοῦ,
1577 1744 1628 1773 αὖ·

924 1787 1154 1827 vffilegendum.
1188 1788 1309 1817 Wotr.

967 1831 1000 1860 Οἱ
1017 1830 1077 1871 περὶ
1093 1829 1138 1859 τὸν
1152 1848 1194 1852 -
1209 1827 1350 1868 κατέγνω]
1381 1827 1539 1868 Fugerunt
1561 1837 1627 1856 ora-

923 1876 1015 1908 tores,
1031 1883 1090 1902 non
1105 1877 1189 1902 metu
1204 1871 1371 1911 Antipatri,
1386 1870 1435 1912 (ut
1450 1870 1541 1909 vulgo
1562 1879 1629 1900 cre-

921 1914 1019 1955 ditur)
1033 1916 1085 1954 qui
1101 1916 1233 1944 nondum
1250 1924 1353 1944 eorum
1367 1913 1554 1943 deditionem
1570 1924 1626 1952 po-

921 1958 1098 1992 stulaverat,
1114 1958 1168 1987 sed
1184 1957 1332 1992 veriti‚ne
1347 1956 1434 1985 dolor
1450 1956 1557 1995 populi
1573 1965 1624 1985 su-

920 2010 976 2038 per
1004 2005 1129 2040 accepta
1142 2001 1171 2030 in
1187 2000 1268 2030 bello
1285 1999 1428 2029 Lamiaco
1453 1998 1624 2028 calamitate

920 2043 950 2071 in
961 2048 1100 2073 auctores
1109 2042 1290 2072 defectionis
1304 2045 1484 2076 verteretur,
1496 2046 1529 2070 ut
1540 2044 1625 2071 recte

920 2085 1030 2115 Suidas
1046 2085 1077 2114 in
1094 2096 1170 2114 voce
1190 2083 1374 2125 Ἀντίπατρος
1390 2088 1418 2114 1.
1464 2083 1525 2113 His
1548 2093 1623 2122 ergo

920 2128 978 2157 sibi
995 2128 1067 2166 fuga
1090 2128 1331 2162 consulentibus,
1352 2126 1497 2165 populus,
1523 2127 1623 2164 prius—

919 2180 1006 2208 quam
1031 2170 1215 2209 legationem
1241 2170 1280 2199 ad
1304 2170 1495 2208 Antipatrum
1520 2168 1622 2198 mitte-

918 2218 995 2248 rent,
1012 2214 1260 2247 Demosthenem,
1277 2211 1337 2241 διο.
1363 2212 1516 2246 absentes,
1543 2211 1621 2240 indi-

917 2260 966 2285 cta
981 2266 1090 2286 caussa
1101 2253 1190 2296 (δίκην
1202 2253 1318 2294 ἐρήμην)
1342 2258 1393 2283 aut
1416 2253 1524 2293 capitis
1547 2264 1619 2283 con-

916 2298 1106 2335 demnarunt,
1120 2303 1154 2328 ut
1169 2297 1353 2328 Plutarchus
1369 2300 1399 2326 et
1418 2297 1526 2326 Suidas
1541 2296 1620 2326 affir-

916 2346 1007 2377 mant,
1021 2346 1074 2370 aut
1088 2345 1182 2375 certe,
1199 2345 1232 2370 nt
1248 2340 1367 2378 Nepos,
1382 2339 1477 2368 exilio
1493 2339 1620 2368 mulcta-

915 2388 994 2413 runt.
1029 2385 1097 2420 Quo
1109 2383 1192 2424 jure,
1204 2392 1262 2411 non
1279 2381 1352 2411 satis
1368 2386 1486 2411 constat
1497 2392 1505 2419 ;
1517 2386 1617 2412 utrum

915 2427 993 2456 male
1014 2430 1108 2465 gestae
1126 2426 1215 2464 Reip.
1239 2435 1319 2460 reos,
1339 2434 1375 2454 an
1398 2424 1483 2454 urbis
1506 2424 1618 2454 tristis-

915 2469 992 2498 simo
1019 2479 1075 2499 suo
1098 2474 1235 2507 tempore
1258 2467 1384 2498 relicta‘.
1441 2466 1513 2496 Fuit
1537 2467 1615 2496 euim

914 2512 1040 2542 Athenis
1054 2512 1196 2551 capitale,
1213 2521 1272 2550 qno
1294 2514 1434 2548 tempore
1457 2509 1615 2547 ἐσκευαγώ-

913 2566 975 2593 γουν
998 2555 1035 2588 εἷς
1055 2556 1104 2585 τὴν
1121 2554 1210 2589 πόλιν,
1235 2564 1267 2583 se
1294 2563 1311 2582 a
1336 2552 1459 2591 publico
1474 2552 1613 2591 periculo

913 2598 1098 2628 subtrahere.
1143 2598 1253 2627 Exstat
1276 2597 1306 2626 in
1329 2596 1386 2624 hoc
1403 2599 1613 2633 argumentum

911 2640 1010 2670 oratio
1024 2639 1158 2679 Lycurgi
1182 2638 1372 2679 gravissima,
1393 2639 1481 2676 cujus
1497 2637 1614 2666 severi-

911 2688 1002 2713 tatem
1018 2683 1191 2722 improbare
1210 2682 1331 2711 videtur
1348 2679 1511 2710 AEschines
1533 2682 1612 2710 κατὰ

911 2733 999 2758 Κτησ.
1014 2736 1040 2755 c.
1052 2727 1103 2756 923.
1139 2726 1174 2754 Β.

954 2768 1087 2807 Δημάδου
1101 2765 1275 2807 γράψαντος]
1295 2764 1446 2794 Demades
1461 2768 1531 2793 tunc
1547 2764 1611 2793 ἄτι-

908 2822 963 2849 μος
986 2816 1062 2846 erat,
1084 2811 1197 2849 quippe
1224 2808 1338 2847 septies
1367 2807 1545 2836 violatarum
1567 2807 1610 2837 le·

909 2864 978 2891 gum
1009 2853 1237 2887 condemnatus,
1265 2851 1401 2888 adeoque
1432 2860 1489 2879 non
1519 2849 1610 2880 licuit

907 2896 952 2925 illi
970 2907 1022 2936 per
1036 2897 1121 2936 leges
1137 2896 1173 2924 ad
1189 2893 1335 2934 populum
1353 2903 1506 2932 perorare.
1551 2893 1609 2922 Fa.

907 2949 962 2968 nne
989 2950 1061 2979 ergo
1091 2939 1293 2976 integritatem
1317 2936 1345 2965 vi
1372 2937 1495 2966 decreto
1519 2936 1607 2964 resti-

905 2987 1026 3012 tuerunt
1053 2987 1079 3010 ot
1102 2985 1285 3020 potestatem
1311 2979 1434 3009 dicendi
1461 2980 1606 3010 fecerunt.
