1824 3171
527 175 606 213 AD
635 174 1097 215 DEMOSTHENEM.
1325 210 1327 212 .
1473 178 1560 217 cxci

664 370 832 414 SECT.
864 370 1009 414 XIX.

617 486 678 525 De
701 487 829 525 Codice
851 487 1043 525 Batai-ico.

168 593 280 632 POST
303 593 457 632 codices
479 595 728 645 Augustanos
748 597 956 634 dicendum
977 597 1066 634 mihi
1088 603 1264 648 superest
1284 598 1332 636 de
1354 597 1558 642 Bavarim,

113 668 230 706 quem
250 655 404 692 illustris
424 656 479 693 vir
498 657 606 695 Felix
623 658 802 696 Andreas
823 658 1010 696 Oeffelius
1029 672 1097 709 pro
1117 672 1185 697 sua
1200 659 1414 697 incredibili
1430 659 1564 696 huma-

113 719 232 756 nitate
253 718 466 756 Monachio
487 720 536 757 ad
552 733 612 757 me
639 721 751 766 misit,
772 723 930 770 ejusque
950 733 1060 757 usum
1076 733 1142 770 per
1162 728 1237 758 tres
1258 733 1378 758 annos
1407 727 1446 757 et
1465 720 1565 756 ultra

115 780 206 818 mihi
232 780 400 818 indulsit.
421 795 457 818 v.
488 781 703 832 Epistolam
731 794 855 819 meam
884 781 934 818 ad
963 781 1169 819 Oeffelium
1199 782 1236 818 in
1261 782 1337 819 fine
1365 780 1566 818 voluminis

117 842 240 892 quinti
259 842 529 881 Animadvers.
553 844 603 880 ad
622 857 773 894 graecos
795 850 984 881 auctores.
1015 842 1150 881 Codex
1176 843 1238 880 hic
1259 850 1364 881 tenet
1384 841 1565 893 quicquid

114 902 230 940 hodie
257 912 435 954 superest
457 918 618 955 operum
639 904 1029 942 Demosthenicorum
1059 917 1106 942 eo
1127 905 1270 950 ordine,
1303 918 1418 955 quem
1449 903 1566 954 paulo

117 971 205 1002 ante
235 965 407 1015 exposui.
464 966 554 1003 Non
574 974 634 1004 est
649 967 827 1017 optimus,
851 966 922 1003 sed
939 979 1065 1016 neque
1088 966 1136 1003 de
1152 966 1338 1017 pessimis,
1360 965 1566 1003 lectionem

113 1025 340 1076 plerumque
359 1027 516 1076 praefert
531 1027 737 1072 Aldinam;
766 1027 836 1065 sed
855 1027 930 1065 hoc
956 1027 994 1064 in
1022 1027 1088 1065 illo
1109 1028 1245 1065 codice
1272 1034 1331 1065 est
1352 1026 1565 1077 egregium,

114 1086 217 1136 quod
235 1086 397 1124 refertus
418 1094 486 1133 est,
502 1089 685 1126 varietate
703 1088 913 1126 lectionum
933 1101 1048 1138 super
1068 1102 1198 1126 versus
1219 1096 1257 1126 et
1277 1089 1313 1125 in
1334 1087 1568 1137 marginibus

116 1147 272 1197 scripta,
293 1147 448 1197 spissius
469 1148 587 1193 initio,
607 1149 728 1186 rarius
761 1149 866 1186 circa
891 1148 1022 1186 finem.
1079 1151 1167 1191 Qua
1187 1150 1224 1186 in
1253 1149 1435 1186 varietate
1464 1147 1570 1184 haud

113 1220 198 1245 raro
216 1208 402 1246 lectiones
422 1210 547 1260 reperi
572 1210 677 1247 nullo
699 1210 773 1247 alio
793 1211 832 1246 in
853 1210 990 1247 codice
1010 1223 1032 1247 a
1052 1223 1112 1247 me
1135 1211 1406 1261 deprehensas,
1428 1223 1569 1260 easque

113 1282 192 1306 non
212 1270 524 1308 contemnendas.
571 1272 618 1308 In
635 1285 710 1310 una
729 1271 940 1322 praesertim
960 1271 1142 1317 oratione,
1163 1286 1240 1309 non
1260 1272 1448 1310 succurrit
1467 1284 1569 1309 nunc

115 1343 202 1380 qua,
223 1329 287 1368 hic
315 1330 440 1368 codex
460 1333 508 1369 ab
529 1332 610 1370 aliis
630 1334 804 1370 omnibus
826 1333 990 1370 discedit
1011 1333 1210 1371 mirificum
1231 1334 1267 1370 in
1294 1334 1463 1377 modum,
1488 1333 1570 1384 ple-

114 1392 199 1429 nior
229 1399 301 1437 est,
333 1392 552 1431 testimonia
580 1394 647 1431 dat
679 1395 840 1443 integra,
869 1407 954 1443 quae
983 1394 1122 1431 nostris
1141 1394 1360 1444 vulgaribus
1380 1393 1484 1431 libris
1503 1394 1571 1431 de-

115 1460 216 1498 sunt,
236 1460 279 1490 ut
298 1453 411 1503 plane
432 1467 480 1491 ex
499 1454 573 1492 alio
592 1455 702 1492 fonte
722 1467 897 1492 manasse
913 1454 1082 1491 videatur
1097 1455 1180 1492 haec
1202 1456 1334 1501 oratio,
1356 1468 1469 1506 quam
1488 1455 1571 1491 vul-

117 1527 230 1565 gares
251 1514 454 1552 editiones.
511 1516 609 1557 Quae
628 1529 690 1553 res
709 1516 801 1552 mihi
820 1528 1004 1566 perquam
1024 1515 1118 1553 mira
1138 1516 1289 1562 accidit,
1321 1524 1363 1554 ut
1381 1529 1571 1567 nequeam

116 1575 331 1626 intelligere
352 1575 454 1614 unde
474 1576 529 1614 sic
557 1577 741 1615 evenerit.
800 1577 1006 1614 Bavaricus
1036 1577 1261 1629 plerumque
1295 1579 1409 1629 plena
1438 1586 1476 1616 et
1506 1592 1572 1616 ex-

115 1636 261 1687 plicata
288 1637 353 1674 dat
381 1638 582 1682 vocabula,
614 1638 696 1676 sine
727 1639 985 1689 apostrophiS,
1019 1646 1152 1677 contra
1184 1653 1295 1690 quain
1327 1640 1571 1690 Augustanus

115 1697 273 1750 primus,
296 1698 358 1749 qui
381 1699 635 1750 apostrophos
657 1707 771 1738 amat.
793 1708 835 1737 ut
856 1713 890 1737 e.
912 1713 945 1738 c.
965 1713 1036 1750 pro
1065 1700 1162 1737 τοῦθ’
1182 1703 1273 1738 οὕτω
1295 1702 1361 1738 dat
1380 1707 1484 1738 τοῦτο
1513 1701 1573 1738 οὔ·

116 1775 201 1801 τως.
222 1772 311 1797 nam
332 1773 435 1811 saepe
463 1761 529 1798 dat
547 1761 661 1804 οὕτως
681 1775 769 1799 cum
792 1778 810 1803 ς
831 1761 947 1798 etiam
975 1761 1204 1812 insequente
1225 1776 1406 1800 consona.
1429 1763 1574 1800 Exara-

115 1824 178 1858 tus
199 1828 266 1866 est,
284 1829 384 1859 teste
401 1823 556 1860 Cobero
575 1836 675 1868 meo,
696 1823 755 1860 cui
776 1823 934 1873 primam
949 1823 1063 1873 hujus
1085 1823 1229 1861 codicis
1247 1824 1415 1861 notitiam
1433 1825 1572 1869 debeo,

118 1888 156 1919 et
176 1882 240 1933 qui
260 1883 380 1920 oculis
401 1884 535 1922 iisdem
556 1885 631 1922 suis
659 1892 737 1922 tam
769 1884 968 1922 Monachii
995 1884 1098 1922 hunc
1118 1885 1440 1931 Demosthenem,
1460 1899 1573 1935 quarn

119 1944 284 1981 eroticos
306 1945 510 1982 Florentiae
529 1946 635 1990 vidit,
658 1947 705 1984 ab
727 1946 862 1984 eadem
879 1959 1006 1990 manu,
1027 1960 1114 1996 quae
1131 1947 1397 1998 Xenophontis
1415 1948 1573 1998 Ephesii

120 2012 159 2041 et
177 2004 393 2043 Charitonis
404 2007 716 2056 Aphrodisiensis
737 2008 913 2045 codicem
934 2008 1199 2045 Florentinum
1219 2009 1402 2054 exaravit,
1423 2009 1494 2046 hoc
1517 2016 1576 2046 est

121 2066 275 2111 saeculo,
294 2072 337 2102 ut
357 2066 612 2114 existimatur,
630 2069 721 2106 XII.
743 2076 808 2106 aut
830 2069 941 2105 XIII.
963 2069 1079 2106 literis
1112 2070 1277 2115 minutis,
1300 2071 1368 2107 sed
1390 2071 1574 2120 eleganti-

118 2126 190 2163 bus
207 2134 246 2168 et
267 2127 477 2177 perspicuis
497 2129 680 2180 lectuque
699 2130 821 2181 planis
838 2130 875 2166 in
891 2130 1023 2167 charta
1038 2131 1286 2182 bombycina,
1303 2145 1444 2176 crassa,
1461 2132 1572 2176 flava,

118 2200 188 2237 per
206 2187 314 2240 binas
335 2189 546 2227 columnas.
603 2191 789 2228 Habebat
818 2191 1003 2228 nonnulla
1034 2192 1203 2242 egregia,
1235 2200 1273 2230 et
1305 2193 1457 2230 inventu
1490 2207 1573 2231 rara

119 2249 320 2286 vetustatis
347 2249 499 2288 indicia.
527 2259 570 2288 ut
590 2252 780 2290 clausulas
801 2253 837 2288 in
857 2252 933 2290 fine
960 2254 1187 2298 orationum,
1206 2268 1283 2291 non
1303 2262 1430 2292 tamen
1452 2256 1573 2292 omni-

118 2323 197 2354 um,
219 2311 288 2347 sed
307 2323 438 2348 earum
457 2312 696 2350 solummodo
716 2314 811 2358 fere,
829 2327 915 2364 quae
936 2314 1097 2364 primam
1118 2323 1155 2352 et
1175 2316 1382 2353 secundam
1413 2316 1573 2353 classem

121 2384 170 2408 ex
193 2371 457 2410 distributione
478 2374 670 2412 VVolfiana
689 2375 938 2421 constituunt,
958 2376 1095 2426 quibus
1115 2376 1151 2412 in
1174 2377 1354 2415 clausulis
1383 2378 1575 2415 indicatur

119 2445 300 2470 numerus
321 2440 392 2470 τῶν
421 2438 586 2488 στίχωνε
618 2443 770 2473 constat
788 2436 874 2474 haec
893 2437 954 2474 vel
983 2437 1089 2474 istaec
1118 2438 1239 2475 oratio
1268 2446 1325 2476 tot
1344 2440 1402 2476 vel
1426 2446 1482 2475 tot
1501 2444 1576 2476 στί-

119 2510 219 2544 χοις.
247 2494 366 2531 habet
385 2494 424 2531 in
444 2496 678 2545 marginibus
698 2498 787 2535 item
803 2511 981 2536 numeros
1003 2498 1171 2548 capitum
1202 2512 1252 2537 ex
1278 2508 1430 2538 vetusta
1450 2501 1574 2538 distri-

121 2554 294 2600 butione,
313 2568 399 2605 quae
421 2557 548 2606 capita
567 2558 718 2608 signata
737 2567 846 2596 erant
865 2559 983 2596 literis
1009 2559 1203 2610 alphabeti
1233 2562 1350 2611 graeci
1372 2563 1574 2610 majoribus

123 2615 176 2652 A.
194 2616 236 2653 B,
254 2615 296 2653 Γ.
313 2623 389 2654 etc.
446 2617 492 2654 In
513 2618 622 2657 calce
642 2619 768 2669 operis
785 2620 899 2657 etiam
919 2620 988 2657 has
1009 2620 1273 2659 distinctiones
1293 2623 1484 2660 veteribus
1504 2623 1577 2660 usi-

123 2682 222 2713 tatas
248 2677 286 2713 in
313 2679 459 2727 majora
478 2688 676 2729 segmenta
706 2694 773 2717 seu
803 2681 930 2731 capita
950 2694 1027 2718 una
1046 2681 1083 2717 in
1103 2682 1248 2720 tabella
1274 2685 1573 2733 repraesentabo,

125 2736 176 2773 ad
193 2738 352 2786 paginas
371 2746 511 2776 nostrae
531 2740 722 2786 editionis,
743 2755 830 2779 cum
861 2742 1040 2779 absoluta
1059 2742 1187 2781 fucrit.
1244 2744 1378 2782 Habet
1397 2745 1489 2782 item
1509 2758 1575 2795 pa-

125 2798 348 2847 ragraphos,
379 2800 450 2836 sed
480 2800 630 2838 diverso
659 2803 775 2839 modo
795 2803 948 2848 divisas,
981 2810 1098 2854 atque
1130 2804 1167 2841 in
1188 2806 1419 2855 Augustano
1438 2807 1573 2856 primo,

128 2869 222 2905 quas
251 2860 507 2911 paragraphos
537 2875 611 2912 ego
642 2862 681 2899 in
714 2864 883 2901 editione
910 2877 996 2902 mea
1024 2865 1134 2915 signo
1163 2867 1183 2915 gi
1207 2866 1384 2904 indicavi.
1441 2867 1575 2903 Habet

127 2917 283 2956 tandem
308 2927 347 2958 et
371 2922 515 2960 scholia
534 2923 698 2974 duplicis
717 2925 884 2975 generis.
904 2925 978 2964 alia
996 2926 1216 2975 vetustiora,
1247 2928 1322 2966 alia
1349 2927 1572 2966 recentiora.
