1824 3171
690 510 1221 577 RUDIGERI

359 767 746 821 oRATfflNEM
797 770 1232 813 PHILIPPICAM
1285 770 1547 812 PRIMAM

586 890 1345 947 PROLEGOMENA.

232 1025 331 1062 Hoc
367 1030 555 1077 tempore,
585 1043 677 1080 quo,
713 1038 755 1070 ut
786 1033 1126 1073 Libauiusmodo
1158 1034 1270 1085 dixit,
1301 1034 1507 1085 Philippus
1536 1034 1683 1073 Thebis

230 1088 510 1126 consuetudine
531 1096 568 1128 et
587 1091 765 1131 doctrina
787 1094 1066 1144 Epaminondae
1086 1094 1326 1145 aliorumque
1347 1096 1576 1133 Graecorum
1598 1101 1683 1133 ute-

233 1145 382 1193 batur‚*
413 1150 592 1190 videntur
623 1155 783 1192 consilia
812 1155 860 1193 de
891 1156 1059 1193 Graeciae
1090 1156 1269 1194 libertate
1304 1156 1516 1206 aliquando
1549 1157 1684 1207 oppri-

231 1208 371 1247 menda
391 1212 556 1250 animum
576 1214 676 1263 ejus,
697 1216 853 1254 honoris
873 1217 1056 1267 cupidine
1077 1217 1287 1255 ferventem
1309 1225 1346 1255 ct
1367 1218 1578 1255 calliditate
1599 1218 1683 1268 ple-

231 1281 338 1314 num,
359 1272 536 1324 subiisse,
556 1275 609 1314 ita
639 1283 680 1315 ut
711 1278 859 1324 Graeci,
881 1278 948 1327 qui
980 1279 1099 1328 ipsam
1129 1279 1186 1316 sui
1218 1280 1427 1329 perniciem
1450 1279 1559 1329 quasi
1584 1279 1684 1317 intra

231 1332 372 1370 moenia
391 1335 553 1387 alerent,
574 1340 713 1377 astutia
739 1340 885 1389 pariter
914 1353 958 1377 ac
991 1340 1219 1378 fortitudine
1239 1341 1381 1378 devicti
1409 1340 1487 1378 dici
1521 1341 1682 1391 possint.

232 1391 322 1430 Vid.
345 1408 433 1444 quae
455 1397 657 1437 Demosth.
680 1400 728 1438 de
751 1401 918 1451 Philipp.
940 1401 1035 1439 dicit
1054 1402 1092 1439 in
1114 1403 1184 1440 Or.
1205 1402 1368 1452 Olynth.
1392 1402 1423 1439 Ι.
1443 1402 1556 1451 (ΙΙΙ.)
1582 1407 1612 1449 83.
1635 1403 1682 1451 γ’.

231 1452 302 1490 Ille
332 1455 431 1494 enim
453 1458 519 1495 nbi
541 1460 753 1506 audiverat,
777 1475 835 1499 res
856 1462 1001 1512 patrias
1023 1464 1186 1508 misceri,
1208 1462 1385 1500 Paeonios
1407 1469 1446 1500 et
1467 1463 1617 1513 Illyrios
1645 1464 1684 1501 in

232 1514 328 1555 fines
349 1518 596 1561 Macedoniae
616 1523 796 1575 irrupisse
817 1538 980 1575 eamque
998 1525 1179 1576 diripere,
1192 1526 1338 1563 Thebis
1355 1538 1469 1575 quam
1485 1526 1684 1565 celerrime

232 1577 390 1625 relictis,
411 1583 574 1630 patriam
597 1585 706 1634 petiit
724 1592 762 1623 et
782 1587 941 1624 tutelam
964 1588 1162 1637 Amyntae,
1183 1586 1310 1624 fratris
1330 1586 1413 1632 filii,
1435 1587 1472 1624 iu
1495 1600 1534 1625 se
1554 1600 1684 1626 susce-

231 1639 302 1690 pit,
316 1654 439 1691 usque
453 1643 542 1681 dum
561 1645 632 1695 ipsi
651 1660 799 1684 summa
816 1661 939 1685 rerum
957 1647 1267 1685 demandaretur.
1299 1647 1464 1685 Diodor.
1479 1648 1558 1685 Sic.
1574 1649 1683 1687 XVI.

232 1705 269 1748 1,
292 1706 329 1740 2.
359 1704 499 1756 Justin.
520 1707 611 1745 VII.
633 1711 670 1746 5.
706 1710 903 1759 Argaeum,
926 1722 1041 1759 quern
1064 1709 1319 1746 Athenienses
1341 1709 1520 1746 volebant
1541 1709 1684 1759 princi-

232 1769 364 1811 patum
394 1765 640 1805 Macedoniae
661 1768 852 1818 obtinere,
874 1783 948 1807 una
970 1783 1055 1807 cum
1075 1770 1224 1807 auxiliis
1247 1769 1541 1807 Atheniensium
1571 1769 1685 1808 facile

233 1823 439 1875 Philippus
461 1827 618 1878 devicit,
640 1830 813 1879 captivos
839 1831 990 1868 illorum
1022 1831 1134 1868 lautis
1165 1830 1319 1880 excepit
1348 1830 1484 1880 epulis,
1514 1843 1683 1881 quaeque

233 1884 455 1932 amiserant,
487 1888 671 1927 reddidit.
714 1891 919 1929 Demosth.
951 1891 988 1928 in
1020 1891 1211 1929 Aristocr.
1244 1904 1282 1940 p.
1312 1895 1404 1936 660,
1441 1894 1505 1928 13.
1542 1891 1604 1929 ed.
1636 1893 1683 1930 R.

234 1946 322 1990 Qua
343 1949 500 1997 quidem
528 1963 568 1988 re
593 1958 635 1988 ut
656 1952 949 1990 Atheniensium
980 1953 1128 1990 animos
1159 1952 1358 1998 delenivit,
1381 1965 1489 2002 paene
1520 1958 1562 1990 ut
1591 1954 1686 1992 nihil

234 2008 390 2047 invidiae
410 2016 511 2049 esset
531 2012 724 2063 relictum,
746 2013 797 2051 ita
819 2014 1031 2064 Olynthiis,
1048 2014 1272 2065 Amphipoli
1290 2014 1443 2051 demum
1467 2022 1686 2065 expugnata

233 2070 429 2119 (AEschin.
451 2089 489 2110 π.
510 2090 549 2111 π.
572 2078 602 2120 83.
625 2074 680 2112 ιδ’.
720 2075 923 2113 Demosth.
958 2076 995 2113 in
1027 2077 1216 2113 Aristocr.
1255 2089 1292 2125 p.
1323 2080 1415 2122 659,
1446 2079 1482 2113 3.
1513 2076 1575 2114 ed.
1608 2078 1684 2125 R.)‚

232 2131 439 2180 plurimum
472 2134 605 2183 injecit
634 2136 802 2173 terroris.
861 2137 949 2175 Hoc
981 2137 1084 2174 sacto
1116 2137 1292 2187 Olynthii
1322 2137 1469 2187 legatos
1503 2137 1685 2176 miserunt

234 2193 420 2240 Athenas,
456 2197 522 2245 qui
559 2196 608 2233 de
648 2196 793 2235 foedere
834 2198 1006 2235 ineundo
1041 2205 1198 2248 agerent
1217 2213 1227 2236 ε
1271 2205 1529 2236 verumtamen
1565 2213 1683 2249 quum

234 2255 490 2294 Athenienses
524 2257 695 2307 Philippi
731 2258 1075 2308 pollicitationibus
1110 2259 1158 2296 de
1189 2259 1412 2308 Amphipoli
1445 2259 1685 2298 restituenda

233 2315 318 2353 freti
339 2318 552 2366 permoveri
574 2331 648 2355 non
671 2326 842 2369 possent,
861 2320 936 2364 isti,
954 2334 992 2358 re
1014 2320 1171 2366 infecta,
1192 2320 1228 2357 in
1251 2320 1415 2369 patriam
1433 2320 1592 2358 rediere.
1613 2321 1684 2359 cfr.

181 2406 193 2412 -
235 2376 308 2413 Or.
328 2377 492 2427 Olynth.
516 2380 566 2418 ΙΙ.
587 2381 650 2428 (Ι.)
672 2385 700 2428 ξ.
725 2381 773 2428 γ’.
832 2380 1040 2431 Olynthios
1063 2394 1152 2419 vero
1183 2381 1255 2418 sibi
1286 2381 1522 2427 conciliavit,
1545 2382 1684 2420 tradita

235 2437 427 2484 Potidaea,
450 2453 539 2489 quae
572 2441 867 2479 Atheniensium
900 2443 1034 2480 fuerat.
1066 2443 1142 2481 vid.
1166 2443 1190 2480 l.
1213 2444 1237 2480 l.
1267 2450 1306 2481 et
1336 2444 1406 2481 Or.
1429 2444 1464 2480 in
1494 2444 1682 2482 Aristocr.

234 2510 273 2548 p.
294 2502 388 2543 656,
409 2504 446 2536 9.
468 2501 529 2538 ed.
552 2503 599 2539 R.
660 2504 798 2552 Neque
816 2505 929 2541 etiam
948 2518 1083 2554 parum
1104 2504 1194 2542 fecit
1216 2504 1262 2541 ad
1286 2505 1495 2553 potentiam
1514 2505 1683 2555 Philippi

236 2560 467 2610 augendam,
488 2564 594 2611 quod
621 2564 828 2603 Thessalos
853 2566 925 2603 sibi
953 2566 1189 2603 devinciret:
1221 2566 1425 2603 Demosth.
1446 2565 1607 2616 Olynth.
1631 2567 1683 2603 11.

234 2622 301 2670 (Ι.)
321 2623 352 2667 ξ.
372 2623 433 2660 est:
455 2635 585 2660 eorum
607 2631 734 2674 partes
758 2626 793 2664 in
817 2627 918 2664 bello
941 2627 1130 2665 Pliocensi
1152 2627 1287 2665 sumsit
1307 2628 1435 2674 (Dem.
1453 2626 1614 2677 Olynth.
1630 2628 1683 2664 ΙΙ.

238 2681 304 2732 (Ι.)
323 2683 353 2727 ἕ.
375 2680 441 2729 β’.)
465 2683 531 2728 ita,
554 2690 593 2720 ut
615 2684 785 2733 ipsorum
807 2687 1062 2737 vectigalibus
1084 2688 1285 2736 potiretur.
1330 2688 1441 2723 Dem.
1460 2700 1514 2724 or.
1536 2687 1575 2724 d.
1596 2701 1685 2738 pac.

234 2747 265 2790 ξ.
284 2744 313 2780 έ.
343 2742 504 2793 Olynth.
528 2744 580 2780 ΙΙ.
601 2746 666 2793 (Ι.)
687 2748 719 2791 ξ.
741 2747 781 2783 f«.
839 2748 923 2785 Jam
946 2748 1048 2785 bello
1074 2747 1261 2784 Phocensi
1290 2759 1408 2796 quum
1437 2748 1682 2786 Macedoniae

279 2845 297 2862 '⁶
323 2845 371 2874 De
388 2844 524 2884 Philippi
542 2845 604 2874 vita
622 2847 684 2875 vid.
701 2848 898 2877 Valckenner.
915 2849 953 2878 de
971 2847 1108 2886 Philippi
1128 2848 1239 2882 indole,
1257 2848 1376 2877 virtutt.
1394 2849 1517 2890 rcbusq.
1535 2850 1629 2888 gestis
1653 2851 1682 2880 in

236 2894 410 2924 Hemsterb.
429 2901 459 2924 et
478 2895 625 2925 Valcken.
644 2897 712 2926 Orr.
732 2908 760 2936 p.
778 2898 840 2926 ‘2125
859 2908 925 2936 sqq.
959 2897 1112 2926 Praeclare
1130 2897 1286 2936 descripta
1302 2901 1346 2926 est
1363 2897 1391 2925 in
1412 2898 1445 2926 Ρ.
1464 2899 1493 2928 J.
1510 2900 1542 2929 S.
1559 2899 1684 2938 Vogel’s

237 2946 462 2985 Biographieon
481 2956 603 2983 grosser
616 2947 674 2976 und
692 2947 866 2977 beriilnnter
879 2949 1005 2978 Miinner
1021 2948 1076 2978 des
1093 2948 1292 2980 Alterthnrus.
1315 2948 1401 2978 Torn.
1419 2949 1461 2979 ll.
