1824 3171
449 170 676 213 STOCKII
706 171 991 212 PRAEFATT.
1027 171 1109 212 AD
1139 172 1281 212 ΒΕΜ.Δ
1471 174 1582 214 ccxix

385 431 810 480 JUVENTUTI
848 429 1323 479 ACADEMICAE

707 570 993 611 SALUTEM.

174 693 377 735 Amouozr
400 695 482 742 jam
510 699 675 744 aguntur
694 692 795 737 anni,
816 704 903 730 cum
929 691 968 729 in
998 691 1125 728 lucem
1143 688 1285 741 prodiit
1306 688 1581 727 Demosthenis

121 755 350 794 Orationum
369 755 670 806 Philippicarum
691 754 821 792 Editio
840 753 971 799 nitida,
994 765 1107 804 quam
1127 751 1165 788 in
1186 763 1297 789 usum
1315 757 1485 789 vestrum
1501 751 1580 788 duo

118 816 159 855 in
179 818 285 855 hisce
305 817 472 854 AEdibus
492 817 628 854 eruditi
647 816 823 853 homines
839 820 1107 866 procurarunt.
1164 812 1232 850 Ad
1250 812 1356 850 istius
1375 811 1581 862 multiplici

115 878 197 929 jam
213 878 452 929 experientia
467 879 754 929 comprobatam
775 888 946 915 normam
967 889 1053 914 cum
1080 876 1182 913 hanc
1202 881 1372 912 nostram
1391 873 1581 912 AEschinis

118 940 472 991 Demosthenisque
491 940 719 978 Orationum
749 940 966 977 ἀντιπάλων
994 937 1217 975 Editionem
1239 937 1481 975 conformare
1501 943 1579 974 sta-

117 1001 289 1047 tuissem,
307 1001 346 1038 in
365 1001 558 1040 nonnullis
578 1009 707 1039 tamen
727 999 1018 1038 deflectendum
1038 998 1126 1037 inde
1141 998 1233 1035 mihi
1248 1011 1334 1037 esse
1350 996 1580 1036 existimavi:

119 1063 169 1101 de
203 1063 354 1114 quibus,
382 1063 507 1113 deque
538 1062 738 1101 Versionis
771 1062 881 1100 simul
910 1060 1026 1110 hujus
1056 1059 1324 1110 Notarumque
1352 1058 1501 1098 ratione
1533 1070 1581 1096 ac

114 1131 321 1169 structura,
338 1126 474 1174 paucis
494 1137 561 1161 vos
584 1137 669 1162 esse
689 1122 937 1174 praemonitos
952 1121 1078 1159 velim.

168 1184 511 1235 Interpretationes
542 1185 676 1222 harum
697 1184 927 1221 Orationum
955 1182 1182 1232 insigniores
1202 1181 1352 1219 Latinae
1372 1181 1579 1220 circumfe-

111 1252 246 1283 runtur
277 1252 378 1282 tres:
413 1245 558 1289 Wolfii,
589 1243 780 1289 Lambini,
809 1249 848 1279 et
870 1242 1069 1279 Editorum
1089 1243 1387 1287 Oxoniensium,
1408 1241 1578 1280 Foulkes

109 1313 149 1345 et
168 1305 320 1344 Friend.
377 1305 424 1342 In
452 1305 510 1342 his
534 1304 692 1355 singulis
719 1317 808 1342 cum
835 1303 956 1340 multa
982 1302 1236 1353 reperiantur,
1266 1316 1353 1354 quae
1378 1303 1430 1341 ad
1454 1304 1574 1353 justae

112 1366 447 1418 interpretationis
482 1366 638 1404 laudem
674 1365 915 1409 conducunt,
951 1364 1079 1414 aliqua
1115 1370 1246 1402 tamen
1279 1377 1483 1415 superesse
1511 1364 1575 1403 vel

108 1430 326 1468 lenissimus
352 1442 483 1466 earum
517 1441 645 1465 rerum
668 1426 855 1465 fatebitur
887 1425 1107 1463 aestimator.
1162 1426 1364 1476 Ingratum
1393 1425 1574 1477 equidem

110 1504 273 1543 semper,
294 1498 333 1528 et
351 1490 499 1528 liberali
527 1489 685 1539 ingenio
704 1488 903 1539 indignum
925 1499 1021 1538 opus
1041 1493 1113 1532 est,
1133 1486 1261 1538 siquid
1279 1487 1430 1524 illorum
1449 1487 1572 1524 homi-

109 1565 216 1602 num,
237 1551 301 1603 qui
328 1552 364 1588 in
395 1551 532 1589 eadem
562 1558 691 1588 tecum
715 1550 898 1601 palaestra
918 1548 1170 1593 desudarunt,
1202 1548 1440 1599 negligentia
1456 1549 1572 1595 fudit,

110 1614 294 1652 curiosius
316 1620 514 1657 excutere,
534 1619 573 1649 et
591 1611 631 1649 in
650 1612 788 1662 vulgus
807 1611 978 1649 indicare
994 1624 1003 1649 :
1034 1610 1205 1648 omnium
1224 1623 1316 1648 vero
1336 1610 1490 1649 minime
1508 1623 1572 1649 me

109 1676 276 1720 deceret,
299 1675 364 1726 qui
384 1674 519 1712 alienae
535 1673 662 1724 potius
680 1673 873 1711 industriae
888 1685 1002 1724 quam
1017 1671 1182 1723 propriae
1202 1672 1422 1710 eruditionis
1434 1673 1569 1710 foetum

108 1750 346 1788 expromam.
406 1735 577 1774 Sufficiat
592 1735 720 1786 igitur,
736 1735 779 1780 si,
801 1748 886 1785 quae
904 1734 979 1772 sint
998 1747 1083 1784 quae
1099 1733 1138 1771 in
1157 1746 1392 1784 unoquoque
1409 1733 1570 1771 istorum

108 1799 366 1850 Interpretum
383 1797 613 1842 desiderem,
634 1797 851 1835 summatim
873 1803 911 1834 et
930 1808 1049 1847 usque
1065 1807 1112 1833 eo
1132 1802 1278 1833 tanturn
1294 1795 1569 1846 perstrinxero,

107 1861 198 1898 dum
224 1860 322 1898 ratio
340 1859 549 1910 probabilis
580 1859 734 1905 existat,
768 1871 836 1896 cur
863 1858 902 1896 in
928 1858 987 1896 his
1014 1857 1210 1896 vertendis
1242 1857 1382 1895 nullius
1411 1857 1568 1895 demum

103 1922 265 1972 vestigia
283 1935 353 1972 per
374 1921 501 1959 omnia
520 1920 589 1958 sim
609 1926 871 1958 consectatus.

161 1984 225 2020 Ac
253 1983 377 2034 primo
407 1983 654 2020 Oxonienses
684 1982 783 2027 illos,
817 1994 980 2033 quorum
1014 1982 1132 2032 vulgo
1167 1980 1439 2032 Interpretatio
1468 1979 1571 2018 inter

106 2056 240 2081 manus
260 2045 497 2089 versabatur,
517 2043 837 2082 immoderatioris
864 2050 903 2080 et
923 2042 1104 2091 juvenilis
1126 2043 1325 2091 cujusdam
1351 2041 1389 2079 in
1410 2054 1568 2080 conver—

105 2105 223 2143 tendo
252 2104 432 2151 licentiae,
455 2112 495 2143 et
515 2105 606 2143 olim
635 2118 658 2143 a
688 2104 923 2142 doctioribus
954 2104 1150 2155 plerisque
1177 2103 1394 2141 hominibus
1421 2102 1567 2141 arcessi

105 2162 460 2213 animadverteram,
481 2173 521 2205 et
551 2167 632 2217 ipse
653 2166 807 2209 cumjn
836 2166 912 2203 hoc
937 2179 1032 2216 opus
1061 2165 1228 2216 penitius
1260 2165 1566 2216 introspicerem,

104 2242 181 2267 non
200 2229 308 2279 potui
327 2242 404 2265 non
424 2228 656 2266 creberrime
683 2228 872 2266 incusare.
931 2227 1036 2264 Dum
1063 2227 1164 2264 enim
1183 2239 1364 2265 numeros
1393 2233 1564 2277 captant,

103 2298 143 2329 et
163 2290 318 2328 dicendi
338 2291 492 2341 lepores
513 2289 750 2328 ambitiosius
771 2294 1023 2340 aucupantur,
1044 2287 1243 2326 sententiis
1262 2295 1411 2325 tantum
1432 2288 1564 2325 adhae-

99 2360 198 2398 rent,
215 2352 333 2390 verba
344 2354 624 2403 verborumque
640 2351 814 2389 ordinem
835 2350 1013 2389 servandi
1030 2350 1256 2400 religionem
1271 2349 1325 2387 ita
1339 2348 1562 2401 plerumque

102 2420 367 2460 contemnunt,
388 2421 431 2451 ut
450 2414 752 2465 provectioribus
771 2413 928 2464 quidem
943 2413 981 2450 in
999 2413 1058 2450 his
1078 2412 1197 2451 literis
1218 2413 1309 2451 satis
1323 2413 1487 2452 fortasse
1505 2412 1562 2451 fa-

102 2477 216 2523 ciant,
238 2476 288 2514 ad
306 2476 503 2514 rudiorur'n
525 2477 746 2528 Graeceque
766 2475 998 2514 discentium
1017 2488 1129 2513 usum
1149 2475 1254 2514 haud
1273 2475 1434 2513 multum
1454 2483 1561 2514 certe

100 2538 317 2576 conferant.
372 2537 514 2589 Neque
548 2545 680 2576 tamen
707 2539 746 2575 in
781 2537 960 2576 Auctoris
993 2537 1167 2576 sensibus
1201 2536 1406 2576 efferendis
1438 2550 1563 2589 usque

101 2600 200 2638 adeo
225 2600 342 2638 fidem
362 2600 637 2638 commendant
665 2613 786 2645 suam,
808 2607 851 2638 ut
879 2613 956 2638 non
983 2607 1023 2638 et
1041 2600 1264 2651 frequenter
1282 2600 1451 2638 titubare
1480 2613 1561 2644 eos,

100 2662 297 2713 multaque
318 2663 364 2700 ab
386 2662 427 2700 iis
446 2662 668 2701 humanitus
688 2662 885 2701 excidisse
903 2668 1124 2713 promptum
1144 2662 1193 2700 sit
1212 2662 1443 2700 ostendere:
1473 2674 1562 2712 quae

101 2730 228 2761 tamen
253 2724 300 2761 ab
327 2723 408 2761 aliis
430 2724 647 2775 investigari
667 2725 781 2771 malo,
801 2736 916 2775 quam
936 2731 978 2762 ut
997 2723 1036 2761 in
1056 2724 1190 2763 iisdem
1214 2724 1296 2775 ipse
1317 2723 1563 2762 excutiendis

102 2783 287 2834 ingratam
305 2799 461 2836 operam
476 2786 711 2838 impendam.

155 2845 346 2884 Summam
367 2860 459 2885 sane
479 2848 720 2898 religionem,
739 2847 829 2886 mihi
848 2861 943 2886 vero
963 2848 1079 2886 etiam
1108 2847 1352 2886 immodicam
1375 2847 1420 2885 ad
1442 2847 1561 2883 inter·

101 2907 323 2957 pretandum
345 2908 516 2947 attulisse
536 2909 685 2947 videtur
712 2910 827 2948 fidem
857 2911 1120 2961 Hieronymus
1152 2910 1326 2947 wolfius.
1387 2908 1561 2956 Diligen-
