1824 3171
457 212 976 258 ΦῙΛΙΠΠΙΚΟΣ
1034 213 1091 254 Α.

1433 209 1538 256 103

85 328 400 422 εξεργοὶσαιτο,
428 325 563 380 ἶοθΗ
550 324 620 377 ὅτι
648 327 840 388 πλησίον
871 349 951 396 μεν
984 324 1119 388 ὅντες,
1146 326 1324 378 ἅπασιν
1359 326 1414 378 οἳν
1449 337 1539 386 τοῖς

87 404 333 479 πράγμασι
363 401 711 491 τεταραγμένοις
736 399 1024 463 ἓπισταντες,
1043 398 1162 459 ’ὅπως
1188 400 1418 461 βούλεσθε
1440 399 1539 451 διοι-

87 478 329 540 κήσαισθε·
360 501 414 535 ως
448 474 491 528 δε
527 499 593 527 νυν
627 473 779 540 ἐ’χετε,
808 472 898 527 oud}
925 473 1169 528 διδόντων
1146 485 1245 544 υμῖν
1272 499 1357 526 των
1385 498 1540 567 καιρων

85 551 371 622 ΗΑμφιπ-ολιν
404 547 631 615 δέξασθαι
659 547 861 601 luvam&
887 547 958 612 αν,
998 548 1293 619 οἷπηρτημένοι
1331 547 1409 600 καὶ
1439 558 1542 607 ταῖς

85 635 408 694 παρασκευαῖς
433 649 512 676 και
540 634 642 684 ταῖς
666 624 881 694 «γνώμαις.

203 700 340 759 ,Ως
376 723 454 770 μεν
494 698 561 750 οὐν
597 697 666 750 δεῖ
700 723 762 750 τα
801 722 1084 785 προσηκοντα
1123 722 1259 749 ποιειν
1301 694 1588 755 ἓθελονταςὸ

86 797 305 849 υπαρχειν
331 798 555 832 ατο-αντας
584 772 790 844 ἓτοιμως,
821 776 875 832 ὦς
912 772 1164 840 ἔγνωκοτων
1171 772 1307 857 Νὖμιιιν
1344 795 1422 822 και
1462 794 1544 823 πε·

87 871 329 916 πεισμενων
354 848 558 918 παύομαι
586 847 743 915 λέγων·
775 847 849 900 τόν
876 845 917 900 δε
945 872 1108 939 τροπον
1137 871 1215 909 της
1239 867 1547 920 παρασκευης,

85 920 135 977 ἦν
159 921 441 989 α’παλλαξαι
469 923 525 974 ἀν
546 947 631 975 των
660 947 862 976 τοιουτων
881 946 1170 999 πραγματων
1189 922 1308 992 ὑμας
1332 921 1548 993 η’γοῧμαι,

87 1046 166 1076 Nam
189 1057 252 1087 mg,
281 1048 363 1086 quod
390 1046 508 1077 Reiske
533 1046 562 1076 in
588 1049 643 1087 γὰρ
666 1046 806 1082 mutavit,

90 1089 242 1128 significat
249 1091 381 1121 animum
392 1092 471 1130 ejus,
482 1092 710 1129 quisententiam
723 1101 807 1120 suam

89 1133 157 1162 aliis
169 1144 225 1163 non
239 1134 398 1172 improbari
409 1138 495 1171 putat
507 1144 515 1162 .·
532 1134 570 1163 ad
583 1144 670 1173 quam
683 1133 806 1172 quidem

89 1175 242 1205 notionem
259 1186 304 1213 ea,
320 1177 349 1206 ni
370 1176 469 1211 fallor,
486 1177 625 1206 revocari
650 1181 806 1215 poterunt,

90 1228 157 1257 quae
173 1219 319 1257 Hoogev.
334 1219 372 1248 de
395 1220 480 1248 Part.
500 1229 545 1256 gr.
560 1230 592 1257 p.
608 1221 680 1249 688.
700 1220 805 1258 singu-

88 1260 175 1296 latim
190 1260 289 1290 affert.
323 1262 386 1290 Csr.
399 1261 427 1299 ᾗ.
443 1259 475 1290 δ’.
494 1260 543 1289 καὶ
560 1260 664 1290 ἅπανθ’
677 1260 732 1291 ὃό-οι
755 1272 805 1301 περ

89 1308 148 1333 etc.
164 1304 193 1333 h.
207 1304 227 1333 Ι.
239 1303 383 1345 fortuna,
400 1314 472 1343 quoe,
487 1309 522 1333 ut
545 1305 639 1343 quivis
660 1305 805 1338 concedet,

88 1347 168 1376 nobis
181 1346 279 1388 favet.
337 1348 435 1385 Quam
468 1346 592 1384 quidem
625 1346 804 1376 sententiam

90 1399 173 1428 saepe
203 1390 319 1419 Noster
349 1389 504 1428 exprimit.
536 1389 592 1418 osr.
615 1389 675 1427 013
679 1390 742 1418 nth.
761 1390 805 1418 Π.

88 1432 152 1473 (Ι.)
167 1432 232 1462 init.
266 1433 336 1462 Non
353 1437 436 1462 recte
452 1430 569 1460 Reiske
587 1429 806 1470 ἐπιμελούμεθα

89 1475 220 1504 mutavit
239 1474 269 1504 in
286 1472 508 1513 ἔπιμελουμένη,
522 1484 614 1523 quum
630 1475 712 1514 ἦμεις
735 1484 807 1513 pro-

90 1518 206 1548 ximum
223 1517 263 1547 sit
280 1518 469 1555 subjectum:
494 1527 551 1546 nec
568 1518 666 1546 minus
688 1517 722 1547 ἂν
736 1522 807 1555 post

89 1562 185 1596 τοῦτο,
208 1560 288 1599 quod
305 1561 405 1590 eidem
429 1561 571 1596 debetur,
587 1559 806 1600 abjiciendum.

90 1604 188 1633 Notas
211 1603 387 1642 parenthes.
412 1609 483 1642 post
506 1601 626 1642 ἒπιμελ.
645 1603 806 1639 collocavi,

89 1657 179 1686 quum
190 1645 375 1685 ἐξεργάσαιτο
385 1645 806 1685 pendeatapraeced.Rii1>1G.

129 1688 209 1718 ”Io-&²
222 1688 282 1729 ὅτι]
303 1687 381 1719 ’Ίσ-τε
397 1689 453 1725 ὅτι,
468 1690 546 1728 παρὰ
560 1688 593 1717 τὸ
609 1687 703 1729 ἵσημι,
720 1689 806 1719 rems

90 1731 137 1762 καὶ
155 1731 231 1768 ἴστε,
246 1734 325 1761 κατὰ
341 1732 495 1770 συγκοπῆν.
520 1732 643 1762 Wom.

131 1773 267 1814 Πλησίον]
293 1774 327 1804 Ei'
338 1785 370 1804 τε
387 1772 557 1807 Μακεδονίας
573 1774 641 1804 εἴτε
656 1773 806 1814 Ἀμφιπό-

91 1823 170 1852 λεως.
191 1818 299 1848 IDEM.

132 1859 203 1891 Οὐδὲ
217 1860 342 1890 ’διδόντων
354 1860 422 1897 ὑμῖν
435 1862 490 1889 τῶν
503 1861 602 1900 καιρῶν
614 1857 805 1899 Ἀμφίπολιν]

89 1903 284 1943 Amphipolis
313 1903 480 1942 antiquitus
510 1902 580 1933 ἐννέα
604 1902 668 1938 ὁδοὶ,
699 1907 808 1941 postea

90 1946 285 1986 Amphipolis
300 1946 521 1982 nominabatur,
530 1946 613 1985 quia,
624 1950 657 1975 ut
669 1945 712 1974 ait
723 1946 806 1974 'rhu-

92 1989 233 2027 cydides,
243 1989 309 2029 [cui
323 1988 571 2018 assentitAuctor
582 1987 806 2028 Etymologici]

93 2042 159 2061 eam
188 2032 283 2061 amnis
314 2032 457 2070 Strymon
487 2041 566 2070 pene
605 2030 808 2060 circumfluat.

96 2073 224 2114 [Suidas
239 2074 282 2104 ita
296 2074 481 2113 appellatam
498 2073 584 2108 dicit,
601 2073 672 2112 quia
692 2073 807 2102 circum

95 2117 229 2156 undique
246 2116 426 2155 coleretur]
473 2117 576 2146 Hodie
594 2120 721 2145 vocatur
738 2115 809 2145 Em-

94 2160 161 2189 boli.
208 2159 315 2189 Cimon
344 2159 496 2189 Miltiadis
526 2161 559 2188 F.
576 2158 733 2188 Coloniam
755 2159 809 2188 de-

95 2213 161 2232 cem
173 2202 303 2232 millium
311 2201 548 2232 Atheniensium
563 2201 600 2231 ad
614 2202 692 2231 hanc
706 2202 809 2231 urbem

95 2245 169 2275 olim
181 2245 322 2280 deduxit,
333 2255 400 2284 quae
413 2243 660 2274 commodissime
674 2244 732 2274 sita
746 2249 810 2274 erat

95 2289 133 2318 ad
158 2288 358 2318 infestandam
384 2288 607 2323 Macedoniam,
636 2298 704 2316 cum
732 2287 811 2317 intra

96 2341 162 2360 eam
178 2335 210 2361 et
224 2331 385 2362 Thraciam
395 2333 526 2370 jaceret.
570 2330 736 2370 Philippus
748 2331 810 2360 cito

95 2374 153 2403 hoe
185 2374 410 2405 animadvertit.
471 2373 581 2412 Itaque
611 2373 665 2403 vix
701 2374 810 2403 solium

94 2417 386 2456 adscenderat,quin
398 2427 464 2447 eam
477 2421 660 2457 occuparet;
677 2426 744 2446 cum
759 2427 810 2445 au-

96 2465 156 2489 tem
172 2460 289 2490 diutius
313 2470 378 2489 eam
404 2459 537 2489 retinere
561 2470 621 2489 non
644 2463 763 2498 posset,
780 2459 811 2488 id

95 2503 228 2533 libenter
244 2503 315 2533 fecit
325 2502 408 2542 quod
418 2503 586 2532 necessitas
600 2502 713 2541 exegit,
729 2504 812 2540 ejus-

63 2568 67 2569 .
97 2556 155 2584 que
169 2546 279 2576 incolis
295 2545 449 2575 concessit
473 2549 506 2575 ut
531 2545 725 2574 Democratia
748 2549 811 2574 ute-

97 2592 214 2621 rentur.
260 2590 334 2619 Eam
360 2589 471 2618 iterum
495 2592 565 2626 post
588 2586 743 2617 biennium
759 2589 813 2616 ob·

99 2631 204 2662 sidens
219 2630 460 2662 Atheniensibus
477 2641 509 2660 se
526 2630 705 2660 traditurum
722 2630 812 2660 fidem

99 2675 197 2710 dedit,
209 2676 284 2705 urbe
301 2679 401 2704 autem
416 2677 505 2714 capta
518 2674 669 2713 promisso
684 2683 740 2702 non
751 2678 813 2703 ste-

101 2716 150 2746 tit.
165 2717 302 2748 Maxime
311 2717 542 2748 Atheniensium
554 2717 700 2746 intererat
708 2717 812 2746 urbem

102 2759 178 2788 adeo
194 2761 271 2799 ipsis
284 2766 489 2800 opportunam
505 2770 700 2799 recuperare,
716 2769 813 2799 neque

102 2802 264 2842 quidquam
292 2809 357 2834 erat
371 2805 410 2834 de
427 2814 487 2842 quo
505 2814 557 2833 eos
581 2808 642 2832 tam
667 2803 814 2832 sollicitos

103 2855 174 2874 esse
198 2846 350 2884 oportuit:
386 2848 489 2886 itaque
517 2846 754 2880 Demosthenes,
781 2850 816 2874 ut

104 2888 244 2917 ostendat
261 2893 350 2927 quam
367 2889 526 2929 deplorata
542 2889 583 2919 sit
605 2889 742 2929 ipsorum
767 2899 816 2918 so-

104 2930 222 2966 cordia,
239 2937 329 2969 atque
345 2932 559 2971 imprudentia,
570 2932 698 2972 apertis,
708 2932 817 2971 inquit,

106 2983 162 3011 per
189 2974 382 3004 occasionem
404 2976 502 3013 portis
519 2975 749 3025 Amphipoleos‚
766 2986 819 3004 ve-

108 3020 170 3045 stra
182 3016 262 3046 inter
278 3027 332 3047 vos
348 3017 490 3054 dissidia,
506 3022 597 3058 atque
613 3018 703 3048 animi
721 3018 820 3048 incer-

842 1046 1000 1083 titudines,
1020 1045 1108 1076 vobis
1133 1056 1183 1075 eas
1209 1046 1319 1075 iterum
1342 1045 1553 1083 occluderent.

841 1090 964 1120 Probus
986 1091 1014 1119 in
1037 1090 1114 1119 Cim.
1132 1089 1248 1118 Plutar.
1268 1090 1358 1118 Dem.
1373 1088 1403 1117 in
1421 1087 1555 1117 Ariston.

842 1136 872 1162 et
889 1133 927 1162 de
941 1133 1024 1162 Fals.
1041 1134 1117 1171 Leg.
1134 1132 1277 1162 Tourr.ell
1303 1131 1443 1162 ΜουΝτ.
1476 1130 1554 1160 Phil.

841 1175 891 1205 Ol.
917 1177 991 1211 105,
1015 1178 1044 1207 3.
1068 1176 1142 1204 hanc
1167 1175 1273 1204 urbem
1297 1178 1433 1213 ceperat,
1460 1173 1556 1203 Diod.

840 1218 902 1248 Sic.
925 1219 1020 1248 XVI.
1036 1221 1078 1253 8.,
1100 1229 1201 1257 quam,
1223 1223 1257 1248 ut
1282 1228 1322 1246 ex
1348 1217 1453 1246 multis
1477 1216 1556 1246 locis

842 1265 978 1290 veterum
1009 1261 1206 1299 intelligitur,
1245 1269 1425 1298 recuperare
1466 1269 1555 1298 quam

839 1303 972 1332 maxime
1000 1303 1201 1333 Athenienses
1232 1302 1408 1342 cupiebant.
1452 1303 1556 1338 Quare

839 1356 930 1383 quum
963 1345 992 1375 hi
1023 1347 1060 1375 ab
1086 1345 1409 1384 Amphipolitanorum
1445 1345 1557 1385 legatis

841 1388 974 1417 Hierace
984 1393 1014 1417 et
1026 1389 1177 1418 Stratocle
1189 1389 1226 1417 ad
1238 1388 1385 1417 auxilium
1398 1389 1501 1417 ferend
1508 1398 1556 1417 um

840 1430 1056 1467 invitarentur,
1082 1432 1137 1461 cfr.
1163 1431 1328 1470 Olynth.1.
1352 1432 1451 1470 (111.)
1470 1430 1495 1470 §.
1512 1430 1557 1467 32,

839 1473 962 1503 illorum
978 1473 1124 1512 precibus
1140 1484 1199 1502 non
1224 1478 1295 1503 sunt
1317 1473 1473 1510 commoti,
1489 1484 1555 1503 nam

841 1516 1006 1556 Philippus
1018 1527 1050 1546 se
1061 1517 1136 1547 hauc
1147 1516 1208 1546 illis
1219 1517 1400 1546 traditurum
1411 1526 1479 1546 esse
1486 1526 1556 1555 pro·
1584 1552 1587 1554 ,

841 1559 975 1589 miserat.
993 1560 1121 1599 Olynth.
1138 1560 1182 1589 Il.
1199 1558 1262 1600 (Ι.)
1277 1559 1301 1598 §.
1319 1557 1356 1596 γ’.
1380 1558 1483 1599 Καιςοῖ,
1504 1559 1557 1599 qui

841 1607 945 1632 nostro
961 1603 1029 1632 loco
1046 1603 1248 1637 nominantur,
1265 1602 1410 1631 videntur
1422 1603 1459 1631 acl
1472 1602 1557 1632 illam

841 1645 1035 1684 legationem,
1061 1647 1100 1675 de
1126 1655 1186 1684 qua
1217 1645 1363 1681 diximus,
1390 1645 1558 1684 pertinere.

841 1689 904 1718 Cfr.
916 1689 946 1718 in
956 1689 1106 1718 Aristocr.
1120 1699 1150 1728 p.
1160 1690 1234 1724 669,
1247 1691 1297 1718 10.
1312 1689 1360 1718 ed.
1374 1688 1413 1720 R.
1428 1687 1561 1719 Rijme.

879 1730 1095 1771 Ἀωηρτημένοι
1118 1732 1165 1761 καὶ
1187 1732 1254 1767 ταῖς
1274 1731 1485 1771 παρασκευαῖς]
1509 1739 1561 1761 Ks-

839 1773 1021 1815 χωρισμένοι,
1037 1775 1218 1815 κρεμάμενοι,
1235 1776 1350 1814 μακρὰν
1366 1772 1456 1807 ὅντες;
1479 1774 1558 1814 μῆτε

839 1817 1107 1857 παρεσκευασμένοι
1122 1817 1199 1857 μήτε
1215 1815 1386 1856 Βουλόμενοι.
1407 1817 1530 1847 Worr.

883 1859 1102 1901 Ἀπηρτημένοι]
1119 1860 1251 1900 sugillat
1261 1860 1311 1890 hic
1323 1861 1434 1890 Orator
1445 1859 1560 1890 civium

842 1913 964 1933 suorum
989 1904 1146 1933 levitatem
1173 1903 1327 1932 solennem
1344 1907 1435 1941 atque
1456 1902 1561 1933 incon-

842 1946 1004 1976 stantiam:
1036 1956 1164 1985 eamque
1189 1945 1297 1985 pulcre
1327 1945 1475 1985 exprimit
1497 1955 1560 1976 vox

842 1988 1046 2028 ἀπηρτημένοι,
1063 1999 1130 2028 quae
1152 1988 1303 2026 significat
1318 1988 1460 2027 suspensi,
1475 1988 1563 2018 ideo-

843 2042 902 2070 que
917 2032 1116 2072 fluctuantes,
1133 2036 1166 2060 ut
1190 2031 1261 2070 ipse
1284 2031 1317 2060 in
1331 2031 1472 2060 versione
1492 2032 1563 2060 red-

843 2074 918 2103 didi.
965 2074 1057 2104 Haud
1086 2074 1213 2104 multum
1241 2073 1381 2103 absimile
1404 2078 1451 2102 est
1479 2074 1561 2112 quod

842 2116 1012 2155 Apostolus
1038 2117 1182 2156 Ephesiis
1206 2116 1295 2151 dicit,
1321 2126 1388 2155 cap.
1404 2116 1447 2145 iv.
1466 2118 1563 2146 14.—

843 2159 1070 2198 κλυδωνιζόμενοι
1083 2160 1129 2188 καὶ
1142 2158 1347 2199 περιφερόμενοι
1359 2158 1454 2188 «παντὶ
1466 2157 1561 2198 ἀνέμῳ

844 2203 895 2236 τῆς
922 2201 1119 2236 διδασκαλίας.
1163 2202 1299 2231 Sumitur
1327 2201 1452 2240 quidem
1483 2202 1561 2231 alias

844 2245 901 2274 hoc
919 2245 1044 2275 verbum
1062 2256 1116 2284 pro
1133 2243 1348 2285 κεχωξιο-μένοι,
1365 2248 1398 2273 ut
1416 2245 1561 2275 observat

844 2288 1043 2323 Scholiastes,
1052 2290 1163 2329 μακρὰν
1176 2287 1255 2323 εἶναι,
1270 2288 1356 2327 longe
1367 2288 1469 2323 abesse,
1478 2287 1561 2317 aber-

844 2341 928 2360 rare.-
953 2341 1058 2366 sensu,
1082 2337 1116 2361 ut
1142 2330 1263 2370 opinor,
1283 2329 1382 2359 minus
1402 2330 1463 2359 huc
1485 2329 1560 2359 arri-

846 2373 943 2410 denti,
966 2384 1116 2413 quemque
1142 2373 1300 2403 sententiae
1326 2377 1479 2402 structura
1501 2383 1562 2402 non

846 2417 1003 2447 admittat:
1035 2417 1096 2446 nisi
1116 2417 1287 2445 inserantur
1304 2425 1332 2444 v.
1348 2416 1403 2444 τῶν
1418 2415 1561 2455 πραγμά-

847 2470 912 2495 των,
926 2460 975 2490 vel
998 2460 1135 2498 legamus
1157 2460 1208 2492 τῆς
1232 2459 1419 2498 ωαξασκευῆς
1438 2458 1486 2487 καὶ
1510 2459 1564 2491 τῆς

845 2503 970 2541 γνώμης.
990 2503 1134 2534 Momm
1177 2501 1286 2530 Tironi.
1299 2501 1343 2530 M.
1357 2511 1386 2538 p.
1401 2502 1475 2530 327.
1491 2502 1563 2531 ἀπο·

847 2544 1024 2584 διΐσταμαιε
1049 2555 1108 2584 quo
1134 2545 1265 2583 quidem¹
1282 2548 1406 2573 auctore
1429 2543 1483 2573 illa
1498 2554 1562 2573 vox

846 2589 971 2627 proprie
988 2589 1027 2619 de
1043 2589 1118 2617 mari
1141 2588 1276 2622 dicitur3
1296 2586 1326 2615 h.
1340 2586 1359 2615 l.
1373 2586 1516 2625 prohibiti
1531 2590 1563 2616 et

847 2635 1012 2669 apparatus
1021 2631 1126 2670 inopia
1136 2635 1165 2661 et
1175 2631 1342 2660 animorum
1352 2629 1561 2659 fluctuatione.

848 2672 978 2704 Riimc.

891 2716 929 2751 ς’.
937 2716 993 2750 Ως
1005 2715 1060 2757 μὲν
1070 2714 1176 2756 συνδεῖ]
1192 2715 1326 2754 Παύομαι
1339 2714 1396 2754 μὲν
1408 2726 1449 2743 ουν
1464 2713 1563 2751 λέγων,

849 2761 884 2794 ὡς
899 2761 976 2798 ὑμῶν
996 2758 1151 2797 {ymmo-wil
1173 2758 1221 2788 καὶ
1237 2756 1451 2798 πεπεισμένων·
1468 2757 1496 2785 τί
1512 2754 1562 2793 δέ;

849 2803 884 2836 ὡς
900 2803 962 2832 δεῗ“
954 2802 1114 2836 ἅπαντας·
1109 2802 1245 2843 ὑπάρχειν
1258 2800 1396 2841 ἑτοίμους,
1411 2798 1563 2830 ἐθέλοντας

850 2847 889 2875 τὰ
906 2856 1077 2886 προσηκοντα
1093 2855 1159 2874 wore
1161 2847 1194 2874 ῖν.
1217 2845 1340 2875 VVOLF.

886 2889 939 2918 *Ἢν
965 2887 1139 2925 ἀπαλλάξαι
1166 2888 1213 2928 αν]
1252 2883 1456 2921 Ἀπαλλάξειν,
1479 2880 1512 2911 δι’
1535 2893 1564 2914 ης

851 2942 883 2961 αν
902 2929 1140 2971 ἀπαλλαγείημεν
1162 2930 1268 2960 τούτων
1292 2931 1347 2957 τῶν
1371 2925 1565 2966 πραγμάτων.

854 2976 960 3005 lnam.

897 3017 1032 3049 Τοιούτων
1045 3015 1250 3057 ωραγμᾶταν]
1276 3010 1482 3049 intelligitur
1475 3020 1501 3039 is
1517 3019 1564 3038 re-
