1824 3171
455 216 1036 262 οΛΎΝΘΙΑΚΟΣ
1095 219 1144 260 Β,
1200 212 1308 277 (A.)

1536 212 1605 261 53

152 358 259 401 γαρ,
286 359 316 385 ω
296 330 483 423 ανδρες
503 331 748 393 Ἀθηναῖοι,
777 328 1019 404 εἷο-εφέοετε
1057 353 1187 381 κατα
1221 353 1489 400 συμμοριοες,
1527 329 1608 383 νυνὶ

153 406 196 460 δὲ
225 405 520 459 πολιτεύεοθε
549 404 679 457 κατ-οὲ
705 428 974 496 συμμοριοις.
977 402 1135 494 ῥήτωρ
1161 405 1339 475 ἦγεμων
1375 405 1607 494 ἑκατέρων,

617 478 629 496 X

153 505 231 532 καί
259 503 518 572 σΤξαΤηΙΎΟς
542 502 628 531 1.)πο
658 502 815 545 ΤΟυΤῳ,
843 502 921 528 καί
950 478 987 529 Οἱ

1016 476 1322 548 ιβθησομὲνθί,
1359 478 1398 530 Ohe
1433 502 1609 570 Τρίακῦ·

151 572 253 606 onoc·
282 555 320 605 οἷ
347 551 392 604 δ’
418 552 551 605 ἄλλοι
580 552 933 623 προσνενεμησθε
963 551 1000 603 οἷ
1024 550 1103 622 μὲν
1129 577 1186 611 ως
1212 553 1406 615 τούτους,
1426 552 1464 603 οἷ
1490 549 1588 604 ὃὲ“
1556 576 1611 611 ως

777 676 785 695 ¹
800 673 999 714 Βοηθησὸμενοι

150 769 211 799 alio
223 771 287 808 jam
299 775 440 809 spectant
456 779 543 808 quam
562 773 594 799 ut
608 769 636 799 ei
654 769 767 798 tributa
784 768 863 797 frau-

150 813 235 847 dent,
252 823 345 851 seque
366 814 402 841 ab
425 823 461 842 ea
482 813 654 851 adjuvanda
670 812 795 841 eximias
812 811 863 839 ha-

150 854 260 885 beant.²
308 856 420 885 Eadem
435 856 603 894 iisdemque
622 856 724 885 verbis
740 853 864 894 querela

151 898 181 927 in
206 898 342 927 oratione
369 898 438 927 huic
468 898 610 927 anteriori
643 899 793 927 occurrit:
820 907 863 925 sc.

151 946 228 969 orat.
245 941 282 969 de
295 941 417 980 Repub.
430 941 505 970 Ord.
525 940 667 970 Tourrell.
694 942 762 970 Hoc
778 939 864 968 insti-

152 988 249 1013 tutum
266 983 401 1013 imitatus
424 988 472 1014 cst
493 984 619 1013 Servius
642 983 770 1013 Tullius.
795 982 864 1011 Liv.

152 1026 172 1055 1.
192 1026 218 1055 l.
243 1027 384 1056 Moum.

196 1070 279 1098 Κατὰ
300 1067 476 1109 συμμορίας]
502 1069 550 1098 Ex
579 1079 758 1108 unaquaque
781 1067 863 1097 tribu

153 1111 362 1140 educebantur
380 1114 440 1141 1520
460 1111 544 1140 cives
565 1111 793 1151 locupletiores,
811 1110 863 1150 qui

151 1153 254 1183 munia
269 1154 393 1193 publica
410 1154 506 1188 obire,
525 1159 555 1183 et
573 1164 611 1183 ex
630 1154 694 1183 suis
711 1153 863 1182 facultati-

152 1197 208 1225 bus
219 1200 358 1235 sumptus
372 1196 490 1225 civitati
507 1197 704 1235 suppeditare
721 1196 862 1225 obstricti

146 1243 246 1278 eruut.
292 1238 379 1268 Mille
402 1243 433 1267 et
460 1239 595 1272 ducenti,
616 1239 673 1267 hoo
702 1238 794 1267 modo
810 1239 863 1266 de-

151 1281 238 1316 lecti,
254 1281 285 1310 in
302 1282 377 1310 duas
395 1286 495 1321 partes
512 1281 745 1318 dividebantur3
771 1286 862 1319 atque

151 1323 255 1353 harum
282 1328 408 1363 utraque
435 1324 546 1353 iterum
567 1324 595 1353 in
621 1325 712 1353 denas
738 1324 862 1358 classes,

151 1377 218 1405 quae
245 1366 403 1406 συμμορίαι
432 1368 627 1396 vocabantur.
675 1367 733 1395 Hae
756 1377 863 1395 rursus

151 1409 180 1439 in
201 1410 286 1439 binas
312 1410 574 1448 distinguebantur
595 1414 710 1448 partes,
736 1419 790 1447 pro
816 1419 863 1438 ra-

150 1452 233 1481 tione
245 1462 374 1482 census:
399 1457 489 1490 atque
506 1452 547 1482 ita
561 1452 680 1481 tandem
698 1462 738 1480 ex
757 1452 863 1481 decem

152 1494 305 1534 prioribus
329 1495 480 1524 classibus
502 1495 612 1525 detecti
633 1498 703 1523 sunt
729 1496 864 1529 trecenti,

151 1536 312 1576 τριακόσιοι,
328 1538 386 1567 hoc
408 1541 456 1567 est
480 1547 623 1567 numerus
643 1537 755 1566 civium
781 1537 865 1566 locu-

152 1580 328 1619 pletiorum,
347 1580 411 1619 qui,
433 1581 675 1619 quandocunque
692 1590 770 1618 opus
790 1585 865 1614 erat,

153 1623 283 1662 pecunia
292 1623 508 1673 rempublicam
519 1624 664 1661 adjuvare
677 1624 864 1652 tenebamur.

154 1667 205 1696 Ex
224 1668 308 1696 1200
328 1661 437 1704 reliqui
459 1667 634 1695 muneribus
656 1665 866 1695 extremi-dina-

153 1708 208 1737 riis
224 1708 423 1747 fungebantur
438 1719 492 1747 per
505 1709 598 1738 vices.
688 1709 865 1738 Verisimile

153 1757 199 1781 est
223 1756 333 1785 tamen.
355 1756 493 1790 ternpore
521 1751 752 1786 Demosthenis,
774 1751 865 1781 hasce

153 1794 269 1823 classes
288 1794 385 1823 varias
403 1804 511 1824 causas
527 1794 731 1832 excogitasse,
749 1804 810 1833 quo
832 1805 865 1824 se

154 1847 170 1865 a
193 1837 308 1866 tributo
325 1837 475 1868 solvendo
491 1837 640 1866 immunes
656 1837 804 1871 facerent,
819 1842 865 1866 at-

154 1889 227 1918 que,
243 1880 281 1909 de
299 1884 361 1909 toto
378 1890 470 1909 onere
493 1891 649 1909 munerum
674 1880 866 1919 publicorum

153 1922 183 1951 in
201 1922 375 1952 seinvicem
387 1922 552 1960 rejiciendo
568 1928 714 1953 certasse.
739 1922 783 1952 Ex
796 1924 866 1953 edit.

154 1966 274 1995 S‘rocx.

198 2006 378 2048 Συμμορῖας]
406 2008 511 2038 Liban.
529 2008 558 2038 in
573 2019 636 2046 arg.
652 2019 696 2039 or.
713 2008 751 2037 de
767 2008 866 2038 Class.

155 2050 318 2090 συμμορίαν
335 2056 422 2080 vocat
439 2050 471 2079 vrti
491 2053 545 2080 τῶν
560 2051 784 2091 λειτουργούντων
805 2051 868 2080 σύν-

154 2104 274 2132 ταγμα,
301 2093 320 2122 i.
337 2103 362 2122 e.
386 2093 493 2122 classis
514 2104 630 2126 eorum,
654 2094 706 2132 qui
735 2099 867 2123 sumtum

155 2135 184 2163 in
210 2135 362 2174 rempubl.
386 2136 520 2165 faciunt:
552 2136 606 2166 cfr.
634 2136 786 2170 Boeckh.,
809 2137 867 2166 viri

156 2178 296 2211 doctiss„
323 2179 381 2207 Die
410 2179 629 2217 Haushaltung
657 2180 713 2209 der
735 2179 869 2209 Atheuer

154 2221 255 2260 (Berl.
274 2220 386 2259 1817.)
411 2222 436 2250 Ι.
463 2233 492 2260 p.
510 2224 585 2251 481.
632 2222 751 2251 Etenim
777 2232 867 2260 quum

154 2269 242 2292 antea
258 2274 297 2293 ex
313 2265 381 2301 lege
394 2263 556 2298 ἀντιδόσεως
569 2264 622 2305 (ad
634 2265 715 2293 Phil.
728 2266 754 2294 Ι.
771 2264 795 2303 Q.
805 2264 869 2304 ιγ’.)

155 2316 280 2335 munera
296 2311 326 2336 et
343 2307 503 2336 facultates
518 2317 537 2335 a
552 2308 786 2346 pauperioribus
800 2318 869 2346 per-

155 2354 357 2385 mutarentur,
374 2350 445 2379 inde
459 2349 495 2378 ab
511 2350 562 2379 ΟΙ.
579 2352 632 2384 86,
650 2353 676 2380 1.
689 2350 788 2380 omnis
806 2361 868 2380 coe-

155 2396 204 2420 tus
219 2392 248 2420 in
265 2392 333 2421 XX
351 2392 466 2421 classes
477 2393 670 2432 (συμμορίας,
688 2399 772 2422 erant
788 2393 867 2422 enim

155 2439 258 2472 partes
286 2434 436 2475 tribuum)
461 2435 668 2471 dividebatur,
689 2446 756 2476 quae
779 2446 867 2465 sexa-

156 2478 242 2515 genis
260 2478 413 2516 capitibus
438 2479 598 2507 constabat
623 2479 722 2517 iisque
745 2478 868 2508 civibus

154 2520 332 2555 ditioribus,
369 2530 386 2549 a
418 2520 530 2559 quibus
560 2521 708 2559 imperata
737 2522 868 2560 pecunia

155 2563 342 2592 solvebatur.
370 2563 556 2593 Dividebant
571 2573 662 2601 porro
677 2564 730 2593 has
744 2565 868 2598 classes.

155 2606 191 2634 ad
209 2616 286 2644 quas
300 2606 386 2635 MCC
403 2606 609 2644 pertinebant,
627 2607 655 2636 in
674 2607 722 2635 bis
740 2617 868 2636 sexcen-

155 2652 203 2677 tos
218 2649 299 2677 viros
315 2653 347 2678 et
364 2659 469 2678 rursus
483 2649 586 2678 harum
599 2650 723 2678 duarum
737 2649 868 2688 partium

156 2701 306 2729 quamque
323 2691 353 2720 in
370 2692 445 2721 duas
462 2696 576 2730 partes,
595 2691 623 2721 in
642 2692 687 2721 bis
704 2696 867 2721 trecentos

158 2733 217 2762 Hae
234 2734 301 2763 duae
317 2739 418 2772 partes
435 2745 507 2763 suos
525 2735 676 2764 habebant
688 2740 824 2764 oratores
840 2739 870 2763 et

157 2775 265 2811 duces,
281 2777 391 2815 quibus
408 2782 545 2806 oratores
561 2782 592 2806 et
608 2778 702 2807 duces
721 2778 869 2807 secunda-

159 2827 224 2846 rum
248 2819 378 2856 partium
396 2820 505 2848 cedere
522 2820 673 2849 debebant
689 2831 695 2849 z
721 2821 791 2849 hinc
807 2820 869 2849 No-

159 2865 222 2888 ster
249 2860 340 2891 dicit:
366 2862 452 2902 ῥῆτοις
480 2863 589 2902 ἡγεμὼν
618 2861 762 2903 ἑκατέρων.
803 2863 868 2892 Ct'r.

160 2903 343 2940 Harpocrat.
360 2914 385 2933 s.
401 2905 430 2934 h.
448 2915 477 2933 v.
503 2912 534 2935 ct
555 2906 658 2934 schot.
676 2907 706 2935 F.
722 2908 758 2935 A.
774 2906 870 2936 Wolf.

160 2945 197 2973 ed
216 2945 305 2982 Lept.
319 2957 350 2984 p.
363 2948 437 2976 374.
454 2947 513 2976 xol.
531 2948 576 2976 11.
601 2947 728 2978 Riimc.

203 2987 261 3016 Νυνὶ
275 2986 303 3017 δὲ
320 2994 416 3018 πολι-ι’.
422 2989 434 3029 ]
451 2990 556 3019 Nunc⁸
549 3001 577 3018 tn
594 2991 707 3021 classes
719 2990 873 3020 dividimi-

163 3039 239 3060 Υ.οῙ
258 3039 279 3060 1·

898 766 928 796 ni
944 768 982 797 ad
1003 777 1100 807 remp.
1117 768 1386 797 administrandum
1411 772 1440 796 et
1464 766 1611 796 factiones

897 811 1057 848 parandas.
1088 810 1206 841 Laudat
1222 811 1252 842 h.
1270 811 1291 840 l.
1305 811 1411 840 Thorn.
1430 811 1473 840 Μ.
1490 820 1519 848 p.
1535 811 1610 839 728.

898 854 1003 884 IDEM.

942 895 1044 936 Ῥἷιτωρ
1055 896 1166 936 ἦγεμὼν
1180 894 1334 937 ἑκατέρων]
1351 895 1514 925 Habebant
1529 893 1610 924 enim

899 939 1010 977 singuli
1049 940 1244 978 quadrantes,
1278 939 1306 968 in
1341 949 1417 978 quos
1449 938 1610 968 universus

899 982 1144 1020 symmoritarum
1157 993 1299 1012 numerus
1313 982 1442 1011 tributus
1451 987 1508 1016 est,
1521 990 1611 1009 suum

899 1025 1007 1054 ducem
1024 1035 1173 1063 suumque
1190 1030 1349 1055 oratorem.
1398 1023 1612 1063 Reprehendit

898 1066 992 1105 igitur
1008 1077 1061 1096 eos
1078 1069 1200 1103 Orator,
1216 1069 1298 1107 qnod
1323 1078 1391 1096 cnm
1411 1068 1482 1096 olim
1505 1077 1538 1096 se
1564 1066 1612 1095 di-

899 1110 1041 1140 viderent
1066 1110 1096 1140 in
1120 1112 1312 1149 symmorias,
1339 1116 1372 1140 ut
1397 1110 1511 1139 tributa
1534 1115 1611 1138 tem-

898 1153 1019 1191 pestive
1050 1153 1272 1189 conferrentur,
1291 1164 1369 1182 nunc
1396 1158 1500 1182 contra
1531 1162 1612 1191 sym-

898 1196 1003 1224 moriae
1032 1196 1214 1225 factionibus
1238 1201 1353 1225 tantum
1385 1195 1551 1225 inserviant
1581 1195 1612 1223 in

898 1248 963 1276 rep.
982 1238 1220 1268 administranda
1235 1250 1243 1275 ;
1267 1243 1297 1268 et
1313 1238 1516 1276 principatum
1530 1243 1612 1267 teno-

898 1286 960 1315 ant,
976 1291 1035 1310 non
1051 1281 1177 1314 divites.
1193 1292 1250 1310 non
1268 1282 1363 1310 duces
1380 1282 1430 1319 qui
1448 1291 1511 1310 rem
1533 1282 1611 1310 bene

899 1331 1068 1360 gesserant,
1088 1324 1141 1353 sed
1161 1329 1309 1359 oratores,
1333 1324 1444 1363 quibus
1471 1323 1612 1363 adstipu-

897 1366 999 1396 lentur
1024 1367 1113 1405 primi
1138 1367 1280 1400 trecenti,
1307 1367 1464 1396 laudantes
1488 1377 1523 1396 ea
1544 1376 1613 1405 qum

898 1419 915 1438 a
944 1409 1008 1438 suis
1030 1410 1202 1439 oratoribus
1233 1410 1316 1440 diota
1339 1409 1462 1439 fuerint.
1491 1409 1614 1448 Ulpium.

899 1454 1021 1482 S‘roctz.

941 1493 1073 1533 Ἧγεμὼν
1107 1493 1257 1535 ἑκατέροιν]
1294 1497 1354 1524 Τῶν
1387 1495 1530 1529 στάσεων,
1559 1496 1614 1524 τῶν

899 1535 1036 1577 ἐριζόντων
1059 1537 1193 1571 ἀλλήλοις
1213 1536 1289 1577 ὑπὲρ
1311 1539 1360 1567 τοῦ
1382 1540 1518 1577 πολεμεῖν
1541 1537 1612 1577 &wi

900 1582 1048 1620 πολεμεῖν.
1071 1580 1189 1611 WoLr.

943 1623 996 1651 Καὶ
1011 1622 1170 1662 ο-τξοιτηγός
1184 1621 1244 1653 ὑπὸ
1261 1621 1367 1663 τούτῳ]
1391 1622 1560 1663 Πειθόμενος
1573 1623 1615 1662 τςῗὶ

900 1665 998 1706 ῥήτορι,
1011 1666 1052 1704 τῷ
1068 1665 1177 1704 λέγοντι
1191 1665 1260 1706 ὑπὲρ
1276 1666 1372 1696 αὐτοῦ.
1419 1667 1523 1696 Duces
1542 1671 1614 1695 suut

901 1713 1053 1738 oratorum
1071 1709 1200 1738 clientes
1218 1713 1249 1737 et
1264 1709 1492 1748 suffragatores.
1509 1711 1614 1739 IDEM.

943 1752 976 1780 Οἱ
1003 1750 1164 1791 Βοησόμενοι
1187 1750 1354 1791 τξιακόσιοι]
1393 1751 1537 1788 Trecenti,
1563 1753 1614 1792 qui

899 1794 1068 1824 clamitent:
1093 1795 1224 1830 scilicet,
1240 1793 1292 1824 ὑπὸ
1306 1794 1349 1833 τῷ
1363 1793 1452 1835 (wrogi
1464 1795 1529 1825 εἶσι.
1566 1796 1614 1824 Do

901 1837 1153 1875 locupletissimis
1164 1837 1284 1867 civibus
1294 1837 1351 1866 hoc
1362 1839 1452 1867 ducet
1465 1838 1613 1876 Ulpianus

901 1890 970 1909 esse
988 1880 1239 1919 intelligendum:
1264 1890 1391 1919 quorum
1408 1881 1461 1909 ulii
1483 1882 1551 1911 aliis
1571 1881 1615 1909 fn-

901 1922 1057 1952 ctionibns
1074 1924 1206 1954 faveant.
1236 1923 1432 1962 Hervagiana
1449 1924 1533 1962 prior
1546 1923 1614 1953 edi-

902 1965 944 1994 tio
961 1966 1062 2002 habet,
1079 1967 1100 1995 oi
1117 1966 1326 2005 βοηθησόμενοι,
1339 1967 1490 2005 adjuturi,
1507 1977 1573 2005 pro,
1591 1966 1613 1995 οἱ

901 2008 1097 2043 Βοηθήσοντες,
1113 2014 1249 2048 utputo:
1274 2009 1330 2038 nisi
1345 2009 1467 2047 passive
1480 2010 1614 2047 accipia-

903 2056 963 2086 tur,
991 2052 1173 2090 mljuzwtdi:
1206 2052 1258 2090 qui
1283 2052 1429 2090 pra-sidia
1459 2057 1613 2081 oratorum

902 2094 1049 2128 ambiunt,
1076 2100 1120 2129 ut,
1156 2095 1310 2123 restinctis
1349 2095 1450 2129 bellis,
1476 2095 1613 2124 conferre

902 2137 1017 2165 tributa
1033 2141 1063 2166 et
1086 2138 1239 2166 instruere
1262 2136 1402 2166 triremes
1424 2147 1482 2166 non
1504 2148 1615 2176 cogan-

902 2182 960 2208 tur.
984 2179 1017 2208 τὸ
1036 2179 1195 2219 Βοησόμενοι
1217 2184 1265 2209 est
1285 2180 1406 2215 durum,
1423 2184 1454 2208 et
1473 2185 1505 2208 ut
1527 2187 1614 2218 puto,

904 2222 1096 2252 mendosum.
1142 2223 1265 2251 Mallem
1297 2223 1319 2251 οἱ
1350 2222 1446 2255 Βοηὸοῖ
1479 2221 1615 2262 ἐσόμενοι.

905 2265 1009 2294 IDEM.
1057 2266 1143 2294 Idem
1164 2265 1193 2293 in
1215 2275 1259 2294 or.
1285 2265 1323 2293 de
1346 2266 1413 2296 ord.
1436 2266 1512 2304 Rep.
1536 2265 1564 2304 §.
1579 2266 1614 2305 ζ’.

905 2307 943 2336 de
959 2318 1018 2346 qua
1036 2308 1098 2337 vid.
1117 2308 1153 2337 F.
1171 2308 1208 2337 A.
1223 2307 1324 2337 Wolf.
1342 2308 1380 2336 ad
1397 2309 1615 2347 Lept.p.365.

904 2351 966 2379 vol.
982 2351 1030 2380 ΙΙ.
1062 2351 1122 2380 Sed
1146 2351 1236 2386 hujus
1255 2350 1396 2380 lectionis
1417 2361 1522 2380 sensus
1543 2361 1613 2381 cum

906 2402 953 2422 mc
965 2393 1154 2433 fugiat(ua1n
1167 2393 1234 2432 βοᾷν
1248 2393 1287 2422 de
1305 2393 1343 2422 iis
1355 2393 1478 2429 dicitur,
1488 2394 1539 2433 qui
1552 2394 1614 2423 cla-

902 2441 1018 2465 mantes
1042 2447 1103 2466 rem
1127 2446 1211 2465 suam
1237 2436 1420 2475 defendunt)
1449 2438 1615 2474 praeferen-

902 2479 971 2507 dam
997 2479 1071 2508 duxi
1093 2479 1217 2508 alteram
1239 2478 1399 2509 lectionem
1420 2489 1487 2518 quae
1510 2480 1614 2510 Schol.

903 2522 1083 2551 auctoritate
1100 2522 1285 2551 defenditur.
1304 2521 1431 2553 Riimo.
1454 2523 1501 2552 Cf.
1515 2524 1615 2552 D’Or-

905 2564 976 2594 ville
998 2565 1036 2593 ad
1052 2565 1142 2594 Char.
1163 2564 1300 2603 Aphrod.
1329 2564 1350 2593 Ι.
1368 2566 1461 2595 vtlt.
1477 2577 1504 2595 c.
1521 2567 1558 2595 V.
1585 2578 1614 2605 p.

902 2609 977 2637 693.
1001 2606 1143 2637 librarios
1159 2607 1341 2646 increpans,
1334 2618 1340 2623 ·
1363 2609 1412 2647 qui
1433 2609 1558 2648 passim,
1571 2609 1614 2637 in-

892 2649 982 2688 quit,
993 2650 1110 2679 medias
1127 2650 1261 2688 syllabas
1278 2651 1449 2688 negligunt.

948 2692 981 2722 Οἱ
999 2691 1026 2721 δὲ
1042 2692 1125 2721 ἄλλοι
1139 2703 1261 2733 προσνενε
1254 2692 1374 2743 ’μησθε]
1400 2694 1432 2723 Οἱ
1449 2693 1547 2723 λοιωοι
1564 2705 1615 2723 πο-

904 2735 937 2763 λ·.
935 2747 985 2764 ται
998 2733 1024 2764 ἔν
1037 2735 1206 2775 ωςοσθηκης
1216 2736 1294 2775 μέρει
1311 2734 1389 2766 ἐστέ.
1405 2736 1433 2765 οὗ
1448 2735 1616 2774 ψηφισοντες

904 2775 977 2806 καθ’
989 2776 1113 2812 ἑαυτοὺς,
1123 2778 1202 2808 ἀλλὰ
1215 2780 1269 2811 τὰς
1280 2781 1334 2807 τῶν
1346 2779 1458 2819 ῥητόρων
1466 2790 1513 2807 και
1524 2789 1615 2816 στρομ

905 2822 996 2856 τηγῶν
1010 2832 1057 2850 κοιι
1074 2822 1235 2861 τριακοσίων
1252 2820 1470 2860 ἔπιψηφίζοντες
1488 2820 1614 2859 γνώμας.

906 2864 1023 2893 Woar.

947 2904 1001 2939 Ως
1022 2905 1149 2947 τούτους]
1174 2905 1326 2939 Ἀττικῶς,
1347 2904 1408 2936 ema
1428 2906 1478 2937 τῆς
1495 2903 1569 2942 πςός.
1594 2904 1615 2932 οἱ

905 2947 960 2987 μὲν
990 2949 1099 2982 τούτοις
1125 2958 1360 2987 συνηγοςησοντες,
1389 2947 1410 2976 οἱ
1442 2945 1470 2976 δε
1502 2945 1614 2979 suetum.

908 2992 1011 3021 tunm.

909 3035 928 3063 3
942 3045 962 3074 g
