1824 3171
585 190 661 229 AD
692 189 1157 229 DEMOSTHENEM.
1460 189 1603 230 cxxxiii

151 303 227 343 tus,
256 293 453 345 inscripsit.
476 293 577 331 Plut.
626 293 722 330 Post
741 305 908 344 pugnam
935 292 983 331 ad
1015 292 1268 331 Chaeroneam
1297 293 1401 339 (ante
1420 306 1601 344 pugnam,

154 358 273 406 Plut.)
295 369 420 394 muros
437 354 598 393 civitatis
617 361 772 392 centum
788 355 912 400 minis,
926 354 1090 406 pecunia
1105 366 1173 391 sua
1191 353 1340 391 refecit.
1371 354 1486 392 Phot.
1508 356 1602 394 Cte-

155 418 340 470 siphontis
359 417 556 454 decretum
575 416 623 453 de
639 416 792 454 homine
809 416 1041 454 coronando.
1073 415 1177 453 Olim
1197 428 1219 453 a
1235 415 1362 452 multis
1382 423 1601 456 coronatur.

155 481 271 518 Dem.
290 491 359 529 pro
389 491 545 515 corona.
566 477 744 515 Diondes
773 477 1003 516 intercessit.
1035 476 1235 515 AEschines
1252 477 1546 528 Ctesiphontem
1566 477 1606 514 in

147 539 335 589 judicium
355 539 530 577 adduxit.
585 539 780 577 Judicium
802 553 893 578 vero
913 538 1157 577 commissum
1171 545 1230 576 est
1247 538 1404 591 Olymp.
1422 539 1603 577 CX11.3.

153 602 315 648 Σιτώνης
336 601 488 651 eligitur
507 602 623 640 Dem.
645 615 716 653 pro
739 602 904 640 Corona.
926 601 1110 639 Laudatio
1124 600 1313 651 funebris.
1335 601 1383 639 ad
1404 601 1605 652 Thucydi-

155 664 267 702 deam
298 671 337 701 et
364 664 600 702 Platonicam
628 663 882 715 conformata,
901 671 941 702 et
967 663 1081 714 hujus
1110 663 1292 714 exemplo
1314 663 1463 701 Tullius
1485 662 1608 714 Sulpi-

155 726 256 764 cium
277 725 492 776 Philippica
506 739 607 763 nona
625 725 803 764 laudavit.

207 787 362 838 Olymp.
392 788 497 826 CXI.
523 791 558 826 1.
588 788 835 826 obtruncatur
852 788 1065 841 Philippus.
1095 786 1370 827 Demosthenis
1385 785 1527 833 laetitia,
1543 798 1605 824 so-

154 848 310 895 mnium,
331 856 406 888 etc.
428 849 558 887 AEsch.
579 863 614 887 c.
636 849 807 901 Ctesiph.

210 911 318 950 CXI.
337 914 378 950 2.
409 912 613 951 Demosth.
643 919 771 950 movet
801 912 850 950 ad
879 912 1152 952 defectionem.
1172 913 1224 951 ad
1244 911 1422 951 Attalum
1444 911 1482 948 in
1509 908 1608 948 Asia

154 973 283 1011 literas
302 973 430 1019 mittit,
452 974 502 1012 ad
522 987 627 1012 arma
655 973 816 1012 incitans
838 983 982 1013 >contra
1008 975 1286 1023 Alexandrum,
1312 986 1424 1026 quem
1444 985 1607 1024 puerum

156 1042 197 1073 et
216 1034 427 1086 Margitem
447 1036 627 1086 appellat.
659 1036 762 1075 Plut.
792 1036 908 1074 Dem.
929 1050 998 1088 pro
1013 1038 1119 1078 Ctes.
1136 1038 1337 1076 Maussac.
1351 1037 1400 1075 ad
1417 1036 1608 1086 Harpocr.

156 1111 194 1148 p.
221 1100 313 1136 214.
346 1098 570 1134 Alexander
589 1098 756 1135 adventu
777 1111 846 1136 suo
867 1099 1061 1137 Graeciam
1081 1099 1269 1151 percellit.
1300 1098 1467 1136 Poenitet
1485 1098 1608 1136 Athe-

154 1159 320 1204 nienses,
341 1159 404 1209 qui
422 1159 570 1209 legatos
590 1159 641 1197 ad
664 1160 728 1197 Al.
748 1159 916 1198 mittunt.
938 1173 986 1197 ex
1004 1161 1049 1198 iis
1069 1161 1187 1199 Dem.
1211 1160 1431 1199 Cithaerone
1451 1160 1608 1198 domum

156 1221 370 1267 revertitur,
400 1220 479 1258 sive
507 1220 623 1272 quod,
658 1234 773 1272 quern
809 1220 1043 1267 offendisset,
1078 1228 1283 1268 metueret,
1314 1221 1393 1259 sive
1423 1220 1610 1272 βασιλικῷ

157 1284 297 1335 χρυσίῳ
317 1290 532 1334 corruptus.
563 1283 788 1321 Alexander
805 1283 941 1333 legatis
960 1283 1168 1322 liberaliter
1186 1283 1433 1334 humaneque
1448 1295 1610 1334 respon-

157 1345 267 1391 dens,
287 1345 548 1383 Athenienses
580 1352 688 1383 metu
718 1345 868 1383 liberat.
900 1345 1022 1384 Diod.
1054 1345 1129 1385 Sic.
1154 1345 1265 1384 Paul.
1295 1345 1411 1385 Oros.
1442 1344 1612 1382 Poenitet

161 1407 350 1444 Attalum.
380 1407 591 1457 Epistolam
613 1406 890 1445 Demosthenis
913 1407 963 1445 ad
985 1407 1101 1445 Alex.
1122 1407 1246 1446 mittit.
1268 1406 1506 1445 Interficitur
1522 1405 1615 1444 Ale-

158 1469 354 1507 :tandi-12.
374 1470 485 1519 jussu
504 1470 552 1507 ab
573 1469 779 1506 Hecataeo.
803 1468 857 1506 D.
875 1469 1095 1515 Thebanos,
1116 1468 1179 1520 qui
1200 1482 1234 1507 c.
1253 1469 1304 1506 A.
1326 1468 1613 1519 conspirabant,

158 1529 396 1567 auxiliandos
411 1530 561 1568 suadet.
617 1529 765 1567 Thebae
784 1543 942 1567 cversae.
987 1529 1122 1568 Tzetz.
1144 1529 1246 1568 Chil.
1267 1529 1361 1567 VII.
1380 1532 1472 1568 404.
1517 1529 1615 1567 Ale-

161 1592 310 1631 xander
329 1592 399 1630 sibi
428 1593 527 1630 tradi
553 1592 724 1644 postulat
750 1592 888 1630 decem
910 1599 1095 1631 oratores.
1125 1591 1244 1630 Diod.
1277 1592 1355 1630 Sic.
1385 1589 1518 1630 XVII.
1553 1593 1616 1631 15.

159 1653 309 1692 Mauss.
337 1655 388 1692 ad
419 1655 613 1705 Harpocr.
642 1668 680 1704 p.
701 1657 766 1693 55.
798 1661 900 1699 octo,
920 1653 1133 1692 secundum
1162 1654 1389 1692 Idomenem
1419 1661 1458 1691 et
1486 1652 1614 1691 Durin

159 1715 262 1766 apud
281 1715 476 1754 Plutarch.
497 1716 536 1753 in
555 1716 631 1754 vita
651 1716 767 1754 Dem.
795 1716 865 1754 hos
894 1716 977 1753 scil.
998 1716 1272 1768 Polyeuctum,
1294 1715 1515 1766 Ephialten,
1534 1716 1616 1767 Ly-

159 1789 335 1827 curgum,
365 1777 601 1830 Myroclem,
634 1778 867 1823 Damonem,
899 1777 1190 1824 Callisthenem,
1222 1778 1513 1825 Charidemum,
1532 1777 1617 1816 De·-

160 1839 417 1878 mosthenem.
437 1840 575 1878 decem
597 1842 712 1889 juxta
737 1839 896 1877 Suidam
921 1853 958 1877 v.
978 1840 1239 1892 Ἀντίπατρος,
1260 1840 1323 1891 qui
1343 1847 1473 1878 tamen
1494 1840 1617 1877 unde-

161 1900 237 1939 cim
258 1909 546 1948 commemorat,
568 1902 650 1940 scil.
664 1902 912 1953 Polyeuctus,
931 1902 1146 1954 Ephialtes,
1160 1903 1379 1954 Lycurgus,
1401 1902 1615 1949 Patrocles,

161 1963 370 2010 Diotimus,
386 1964 618 2011 Cassander,
636 1964 903 2012 Charidemus,
923 1965 1224 2011 Demosthenes,
1242 1964 1478 2017 Hyperides,
1495 1965 1620 2003 Thra-

163 2025 335 2077 sybulus,
365 2027 524 2065 Chares.
581 2028 728 2066 Fabula
746 2029 795 2066 de
825 2028 986 2066 Ovibus.
1019 2028 1121 2065 Plut.
1149 2027 1381 2066 Mercatoris
1406 2026 1618 2078 specimen.

163 2088 288 2126 Idem.
317 2088 493 2126 Phocion
513 2090 762 2140 obtrectator,
778 2090 819 2128 id
832 2097 891 2128 est
906 2103 994 2128 cum
1008 2090 1178 2141 Nepote,
1193 2091 1212 2126 ὁ
1232 2090 1616 2140 ἀντιπολιτευόμενος,

163 2149 361 2187 mollitiem
390 2150 551 2188 oratoris
571 2152 793 2202 exprobrat,
821 2151 922 2202 quod
947 2165 1017 2202 pro
1038 2151 1162 2189 salute
1184 2150 1376 2188 communi
1396 2150 1493 2188 mori
1512 2150 1620 2188 dubi-

162 2218 277 2250 taret.
306 2211 494 2250 Demadis
510 2213 723 2251 decretum.
743 2216 767 2253 5
784 2213 938 2251 talentis
955 2227 978 2251 a
997 2214 1265 2252 Demosthene
1285 2213 1471 2264 acceptis,
1486 2226 1620 2251 omnes

163 2273 372 2311 servandos
400 2274 561 2319 censuit,
583 2274 703 2312 missis
731 2275 780 2313 ad
801 2275 868 2313 Al.
888 2275 1039 2325 legatis,
1060 2275 1123 2326 qui
1151 2289 1221 2327 pro
1241 2275 1284 2313 iis
1305 2274 1618 2326 deprecarentur,

161 2342 203 2373 et
223 2334 490 2386 promitterent
510 2348 575 2374 eos
594 2349 644 2373 ex
660 2336 808 2386 legibus
823 2336 969 2387 patriae,
983 2337 1012 2374 si
1033 2337 1124 2388 quid
1138 2336 1466 2383 commeruisscnt,
1486 2349 1621 2388 poenas

163 2396 336 2435 daturos.
391 2397 563 2436 Probata
581 2398 786 2436 sententia.
842 2398 1036 2437 Exoratus
1052 2399 1288 2437 Alexander.

221 2458 378 2511 Olymp.
403 2459 532 2497 CXII.
560 2463 598 2498 3.
622 2466 684 2497 oet.
712 2460 829 2498 Dem.
858 2464 922 2502 53.
951 2461 1012 2498 De
1035 2461 1190 2499 Corona.
1221 2461 1420 2500 AEschines
1449 2461 1620 2512 quintam

166 2527 313 2573 partem
342 2520 609 2572 suffragiorum
633 2535 711 2560 non
738 2522 839 2560 tulit.
867 2522 993 2560 victus
1015 2523 1196 2560 Rhodum
1226 2523 1399 2561 secessit.
1456 2523 1623 2575 History

167 2582 213 2620 of
236 2582 435 2620 AEschines
464 2582 565 2620 after
593 2582 652 2620 his
680 2583 811 2622 defeat
831 2601 894 2635 σχ.
917 2584 1008 2622 MS.
1038 2584 1088 2622 ad
1118 2597 1173 2623 or.
1203 2602 1243 2623 π.
1274 2601 1441 2637 παραπρ.
1475 2586 1623 2623 Demo·-

167 2644 324 2682 sthenes
340 2657 439 2694 equo
454 2644 708 2695 prosequitur.
745 2645 953 2684 AEschines
973 2646 1248 2697 comprehendi
1269 2660 1310 2684 se
1329 2654 1450 2698 ratus,
1467 2648 1625 2686 obtecta

169 2705 270 2743 facie
290 2705 466 2757 procidit.
521 2706 581 2744 Ibi
599 2706 819 2745 consolatus
840 2707 1159 2754 alten-,talentum
1179 2708 1286 2746 dedit
1306 2709 1388 2760 (alii
1406 2714 1542 2761 μυρίας
1561 2712 1625 2747 ἀτ-

170 2769 288 2815 τικὰς)
307 2775 388 2805 tum
409 2767 539 2805 AEsch.
559 2781 687 2806 nonne
709 2768 843 2807 merito
863 2782 992 2820 gemo,
1014 2783 1101 2808 cum
1121 2770 1239 2808 talem
1259 2771 1391 2808 urbem
1412 2772 1564 2817 desero,
1584 2771 1623 2808 in

171 2840 249 2876 qua
265 2829 361 2866 tales
375 2829 502 2867 habeo
522 2829 709 2878 inimicos,
728 2831 863 2880 quales
882 2831 969 2868 alibi
984 2831 1128 2870 amicos
1142 2846 1219 2869 non
1235 2832 1431 2871 invenero.
1462 2834 1564 2870 Plut.
1586 2833 1625 2870 in

173 2887 265 2926 Vita
283 2889 399 2927 Dem.
420 2890 458 2927 in
479 2891 527 2928 X.
548 2898 643 2929 orat.
672 2891 831 2930 Hellad.
853 2893 956 2944 apud
977 2893 1091 2931 Phot.
1107 2908 1146 2946 p.
1167 2897 1258 2932 804.
1280 2896 1371 2935 873.
1393 2895 1584 2946 Αἰσχίνης
1605 2896 1625 2932 ὁ

172 2951 288 3001 ῥήτωρ
306 2954 397 3001 μετὰ
416 2952 455 2990 τὸ
472 2952 705 2999 Ἀθηναίους
731 2956 843 2993 αὑτοῦ
863 2955 1214 3006 καταψηφίσασθαι,
1236 2955 1500 3007 Δημοσθένους
1529 2958 1626 3008 αὐτῷ
