1824 3171
229 125 370 163 cxxxiv
533 126 606 165 10.
637 128 890 168 TAYLORI
920 130 1353 171 PROLEGOMENA

223 231 358 279 μυρίας
377 229 527 273 ἀττικὰς
548 232 778 281 πέμψαντος,
799 235 856 270 καὶ
876 238 1058 282 γενναίως
1086 237 1152 281 τὴν
1178 236 1390 286 περίστασιν
1409 234 1532 286 φέρειν
1549 250 1678 286 παρα-ε

223 293 438 337 καλοῦντος,
459 294 519 328 καὶ
537 300 626 338 πῶς,
657 295 737 344 ἔφη,
759 294 919 345 ἒὺναμαι
944 299 993 346 μὴ
1013 295 1214 334 λυπεῖσθαι
1232 297 1399 342 τοιαύτης
1419 296 1591 345 πατρίδος
1611 298 1668 333 ἐκ·

222 349 474 402 βαλλόμενος,
505 355 546 390 ἑν
570 351 592 408 ᾖ
612 354 645 392 οἱ
673 354 908 400 ἀδικηθέντες
936 359 994 393 καὶ
1021 361 1298 409 προσωφελοῦσι
1324 358 1408 400 τοὺς
1438 356 1666 399 ἀδικοῦντας.

223 412 365 450 Anton.
387 420 425 451 et
445 413 556 452 Max.
577 427 690 454 serm.
712 414 828 454 VIII.
849 416 914 455 fin.
970 418 1060 456 Hoc
1080 418 1224 456 dictum
1245 418 1308 456 alii
1328 418 1580 456 Demostheni
1602 419 1668 456 tri-

221 474 345 512 buunt
359 475 397 512 in
410 475 515 526 fuga.
537 476 734 519 AEschines
752 477 882 516 Rhodi
896 478 1068 518 scholam
1083 479 1242 531 aperuit.
1275 478 1426 517 Scholae
1441 479 1665 518 Rhodiacae.

222 534 325 573 Plut.
344 535 448 573 Suid.
466 536 502 573 in
525 537 638 575 Phot.
654 537 692 575 in
709 538 826 576 Dem.
847 553 885 590 p.
902 543 994 579 804.
1025 540 1221 579 Maximus
1238 540 1518 591 GnomologuS.
1549 541 1667 578 Hunc

220 596 358 635 exsilio
374 597 574 647 delegerat
588 598 729 637 locum.
759 600 918 642 Quintil.
940 602 1037 640 XII.
1061 606 1122 642 10.
1152 602 1238 639 The
1249 601 1413 639 founder
1429 601 1545 639 ofthe
1560 602 1668 639 Rho-

221 657 309 695 dian
323 659 421 704 idea,
440 660 599 711 Aliquid
611 661 749 710 gentiS,
765 662 907 713 aliquid
920 664 1099 710 auctoris,
1111 664 1289 702 between
1298 663 1401 701 Attic
1415 663 1491 700 and
1506 663 1670 702 Asiatic.

221 718 321 758 Ibid.
338 720 503 759 omnino.
562 722 679 760 Suam
700 724 911 762 orationem
932 725 1094 763 Rhodiis
1114 725 1222 776 legit,
1246 724 1429 776 postridie
1449 723 1667 761 demosthe-

219 781 358 819 nicam.
379 782 414 819 τί
430 782 468 820 δὲ
487 786 518 820 εἶ
538 786 649 821 αὐτοῦ
667 789 729 822 τοῦ
749 784 891 835 θηρίου.
909 786 1007 825 Plin.
1028 787 1081 824 ΙΙ.
1097 787 1171 837 Ep.
1185 790 1222 826 3.
1236 793 1276 825 et
1296 786 1365 823 IV.
1385 790 1422 824 5.
1454 786 1579 823 Cicer.
1593 785 1669 822 III.

221 842 271 879 de
291 850 432 881 orator.
454 843 553 882 Plin.
573 845 664 882 VII.
685 850 750 884 30.
780 847 911 886 Valer.
932 848 1042 886 Max.
1063 848 1176 887 VIII.
1199 851 1261 886 lo.
1278 861 1315 898 p.
1333 849 1424 888 397.
1448 847 1667 884 Philostrat.

220 903 334 941 Phot.
348 904 386 941 in
404 905 597 952 AEschine,
618 906 776 948 Quintil.
798 909 869 947 XI.
890 912 928 947 3.
949 926 1013 960 σχ.
1035 909 1179 959 Scalig.
1196 908 1245 947 ad
1260 925 1299 946 π.
1316 924 1482 958 παραπρ.
1505 907 1670 946 Hieron.

216 965 243 1002 l.
259 968 298 1005 2.
319 966 394 1016 Ep.
409 968 447 1004 2.
463 966 597 1005 select.
618 967 731 1007 Phot.
745 982 784 1020 p.
804 972 869 1009 29.
886 970 949 1007 ed.
967 970 1178 1008 Hoeschel.
1199 970 1301 1007 Plut.
1317 969 1355 1006 in
1372 969 1421 1006 X.
1437 968 1578 1007 rhetor.
1594 968 1669 1006 dis-

217 1025 371 1064 simulat
396 1027 605 1066 orationem
632 1029 752 1068 Dem.
781 1032 844 1069 ab.
872 1031 1051 1069 AEschine
1076 1031 1193 1069 fuisse
1225 1031 1438 1069 recitatam.
1495 1030 1554 1067 To
1580 1029 1669 1067 take

217 1100 287 1125 our
301 1088 410 1127 leave
426 1089 472 1127 of
489 1089 707 1129 AEschines.
730 1091 886 1143 Olymp.
909 1092 1056 1130 CXIV.
1080 1095 1113 1130 l.
1134 1092 1328 1131 concessit
1350 1092 1519 1138 Samum,
1537 1098 1576 1130 et
1591 1104 1669 1129 non

216 1148 281 1186 diu
297 1157 384 1200 post
397 1150 490 1188 obiit
509 1163 609 1188 anno
624 1158 688 1189 aet.
708 1153 775 1194 75.
794 1153 946 1192 Fabric.
963 1153 1041 1191 Vit.
1059 1153 1192 1192 AEsch.

150 1212 152 1214 ’
271 1211 427 1262 Olymp.
448 1212 597 1250 CXIII.
613 1215 651 1251 2.
692 1219 757 1251 aet.
776 1213 893 1252 Dem.
915 1217 980 1254 55.
1010 1214 1218 1265 Harpalus,
1240 1213 1394 1253 relictus
1418 1220 1571 1265 satrapa
1592 1214 1664 1252 Ba-

214 1272 378 1324 bylonis,
400 1273 492 1311 dum
509 1273 735 1312 Alexander
749 1274 787 1312 in
807 1275 954 1313 Indiam
972 1276 1181 1327 profectuS‚
1203 1277 1288 1326 ejus
1315 1276 1439 1314 reditu
1461 1275 1667 1327 desperato

214 1334 473 1386 voluptatibus
501 1342 540 1373 et
568 1336 729 1374 luxuriae
756 1350 798 1375 se
827 1337 951 1376 tradit.
1007 1338 1182 1376 Reverso
1214 1345 1342 1376 autem
1377 1338 1572 1388 Harpalus
1594 1337 1665 1374 sibi

213 1403 402 1441 metuens,
419 1396 634 1435 convasatis
654 1397 822 1449 quinque
847 1399 1078 1438 talentorum
1097 1399 1264 1438 millibus
1283 1399 1527 1449 (incredibile
1547 1399 1670 1446 dictu)

216 1457 394 1496 Athenas
427 1457 544 1496 venit.
599 1458 814 1497 Decretum
846 1460 1121 1499 Demosthenis
1158 1461 1208 1499 de
1243 1461 1421 1511 Harpalo
1457 1473 1535 1498 non
1571 1459 1669 1498 reci-

213 1519 369 1570 piendo.
426 1520 622 1570 Harpalus
640 1520 679 1558 in
702 1521 859 1560 Cretam
878 1523 1045 1573 navigat.
1083 1522 1318 1561 Interficitur
1331 1522 1565 1560 Philoxenus
1579 1522 1668 1559 Ma-

213 1580 328 1619 cedo.
383 1580 479 1630 Ejus
521 1581 643 1620 literae
680 1582 732 1621 ad
770 1584 916 1623 Athen.
960 1584 1010 1622 de
1052 1584 1230 1635 pecuniis
1268 1584 1505 1635 Harpalicis.
1562 1583 1668 1621 Nihil

211 1641 251 1679 in
277 1642 320 1681 iis
350 1642 399 1681 de
420 1643 700 1691 Demosthene,
732 1646 885 1684 tametsi
910 1653 993 1684 erat
1013 1646 1239 1684 Alexandro
1267 1653 1308 1684 et
1328 1645 1542 1683 Philoxeno
1571 1645 1668 1682 infe-,

212 1703 411 1744 stissimus.
447 1704 669 1744 Pausanias.
710 1706 821 1745 Calix
841 1707 983 1758 regius.
1003 1709 1120 1745 πόσον
1135 1709 1221 1756 ἄγει
1237 1724 1247 1753 ;
1265 1710 1340 1754 ἄξει
1361 1724 1418 1745 σοι
1438 1710 1490 1746 20
1509 1707 1667 1745 talenta.

212 1764 305 1803 Non
326 1765 497 1815 Angina‚
523 1766 593 1804 sed
620 1767 852 1818 Argentina.
897 1768 1023 1806 Aliter
1043 1768 1195 1807 Gellius
1216 1768 1288 1806 XI.
1317 1771 1352 1807 9.
1376 1781 1412 1805 v.
1442 1775 1482 1806 et
1502 1768 1573 1806 XI.
1603 1771 1666 1806 10.

212 1825 305 1864 Non
324 1826 483 1866 audietis
504 1841 606 1874 eum,
629 1829 693 1880 qui
723 1830 906 1880 poculum
934 1830 1077 1868 habet?
1107 1830 1211 1868 Plut.
1268 1830 1366 1868 Cum
1388 1830 1505 1867 Polus
1532 1830 1666 1868 histrio

212 1887 383 1934 dixisset,
403 1889 433 1926 si
460 1889 579 1927 biduo
599 1890 789 1928 talentum
809 1891 959 1941 agendo
987 1891 1177 1930 lucratum
1198 1890 1329 1937 fuisse,
1349 1898 1389 1929 at
1418 1904 1506 1941 ego,
1533 1890 1666 1941 inquit,

210 1949 327 1987 unico
348 1949 410 1987 die
429 1950 594 1988 tacendo
613 1951 759 1991 talenta
777 1953 959 2004 quinque.
991 1953 1094 1992 Plut.
1115 1954 1163 1990 X.
1184 1953 1302 1991 Rhet.
1334 1953 1484 1991 Gellius
1504 1952 1556 1990 ait
1576 1953 1666 1990 Ari-

209 2010 421 2057 stodemus,
448 2024 527 2050 non
547 2012 676 2051 Polus.
708 2014 997 2053 Aristodemum
1017 2015 1240 2053 histrionem
1269 2014 1472 2065 tragicum,
1491 2014 1666 2053 maximis

211 2072 262 2109 de
282 2073 392 2111 rebus
406 2073 514 2124 pacis
535 2087 582 2112 ac
601 2074 692 2112 belli
707 2075 878 2126 legatum
894 2076 945 2114 ad
961 2075 1183 2128 Philippum
1198 2075 1455 2114 Athenienses
1475 2088 1578 2127 saepe
1596 2075 1667 2112 mi-

210 2142 354 2173 serunt.
413 2135 553 2174 Cicero
572 2136 710 2187 fragm.
729 2137 816 2175 libri
835 2141 874 2177 4.
894 2138 944 2177 de
964 2138 1066 2189 Rep.
1087 2138 1205 2176 Dem.
1226 2144 1264 2176 et
1282 2138 1420 2176 AEsch.
1442 2154 1481 2174 π.
1501 2153 1665 2189 παραπρ.

212 2196 364 2234 Gellius
380 2196 452 2234 XI.
473 2200 510 2236 9.
531 2197 582 2235 ad
596 2198 836 2236 Milesiorum
855 2211 1023 2244 causam,
1042 2199 1081 2236 in
1097 2211 1174 2250 qua
1193 2199 1309 2235 Dem.
1330 2198 1497 2249 quinque
1513 2198 1666 2236 talentis

209 2258 401 2296 silentium
419 2271 531 2296 suum
550 2260 734 2298 vendidit.
755 2273 804 2298 ex
824 2261 994 2299 Critolao
1015 2261 1120 2299 Hist.
1140 2273 1217 2298 non
1236 2261 1285 2298 ad
1298 2261 1395 2298 hanc
1416 2261 1666 2311 Harpalicam

211 2319 460 2370 quaestionem
479 2321 612 2366 refert,
634 2327 672 2358 et
690 2321 863 2372 proximo
883 2321 999 2360 etiam
1019 2321 1147 2372 capite
1169 2321 1339 2360 Demadi
1357 2322 1489 2360 tribuit
1511 2335 1559 2360 ex
1580 2335 1664 2360 ora-

210 2381 315 2419 tione
337 2382 381 2420 C.
401 2381 587 2429 Gracchi,
603 2396 679 2434 qua
697 2384 826 2434 legem
842 2384 1022 2422 Aufeiam
1043 2384 1231 2422 dissuasit.
1289 2384 1472 2422 Dinarchi
1488 2385 1526 2422 in
1548 2385 1662 2423 Dem.

159 2491 166 2497 ι
211 2443 333 2481 oratio
354 2443 402 2481 de
427 2444 600 2494 pecuniis
622 2444 853 2496 Harpalicis.
910 2446 1170 2485 Athenienses
1190 2445 1301 2484 veriti
1327 2459 1376 2484 ne
1400 2446 1579 2497 pecuniae
1605 2459 1665 2484 ra-

210 2504 353 2542 tionem
371 2505 536 2543 reddere
556 2512 792 2553 tenerentur,
816 2507 950 2545 domos
975 2516 1170 2546 oratorum
1190 2515 1488 2559 perscrutantur.
1520 2509 1663 2546 Demo-

210 2566 362 2604 sthenes
388 2565 628 2617 plebiscitum
656 2568 801 2614 scribit,
822 2576 863 2606 ut
883 2571 1137 2620 Areopagitae
1166 2581 1213 2607 ea
1232 2569 1281 2607 de
1310 2582 1350 2606 re
1371 2576 1602 2620 quaererent,
1624 2576 1664 2606 et

211 2628 341 2667 affines
362 2628 486 2678 culpae
507 2629 697 2679 punirent.
754 2630 991 2681 Hyperides,
1020 2630 1205 2681 PytheaS‚
1236 2629 1568 2675 Menesaechmus,
1591 2631 1663 2667 Hi-

210 2702 388 2740 meraeu5‚
419 2689 578 2727 Proclus
606 2691 773 2741 quinque
801 2699 1043 2730 accusatores
1063 2692 1113 2729 de
1138 2691 1309 2742 pecuniis
1339 2692 1462 2742 Harp.
1492 2692 1606 2730 Phot.
1626 2692 1663 2730 in

213 2751 325 2789 Dein.
343 2757 381 2788 et
398 2751 614 2802 Hyperide.
670 2752 885 2797 Patroclus,
901 2766 978 2791 non
1001 2753 1172 2797 Proclus,
1194 2753 1297 2790 Plut.
1325 2753 1374 2791 de
1396 2753 1446 2791 X.
1466 2761 1563 2791 orat.
1584 2753 1665 2791 De-

210 2812 432 2851 mosthenes
464 2813 663 2851 damnatus
696 2827 719 2851 a
747 2815 906 2852 concilio
940 2815 1226 2865 Areopagitico.
1284 2814 1350 2851 Lis
1384 2815 1664 2866 quinquaginta

213 2874 366 2912 talentis
389 2874 587 2914 oestimata.
642 2875 689 2913 ln
705 2888 903 2915 carcerem
924 2879 1137 2927 conjectus,
1156 2875 1291 2927 partim
1313 2876 1361 2914 ob
1386 2876 1568 2927 pudorem
1589 2876 1662 2916 cri-
