1824 3171
427 207 982 254 ΟΛὙΝΘΙΑΚΟΣ
1034 206 1086 247 Β.
1150 195 1255 265 (Α.)

286 321 298 335 9
350 319 402 339 Ιὶε
546 319 558 334 2

1494 201 1567 249 35

91 343 228 373 -ποτε
267 344 513 397 απορρητον
542 330 673 374 εκεῒνο
707 319 1080 380 κατασκευάσαι,
1117 317 1258 385 τούτῳ
1296 318 1574 391 Ῑπροσοιγα-

115 393 315 465 γόμενον·
359 395 436 457 τῆν
464 393 508 446 δ’
531 393 766 446 Ὀλυνθίων
792 392 945 457 φιλίαν
977 392 1102 464 μετ-οὶ
1142 393 1296 443 ταῦτα
1334 394 1397 458 τῷ
1436 392 1576 444 Ποτί-

49 477 101 521 2ὸ
119 466 265 532 δαισιν,
293 468 426 521 οὖσαν
453 468 683 544 ὖμετέραν,
710 465 876 532 ἐξελεῖν
902 466 981 518 καὶ
1009 466 1110 525 τούς
1128 464 1205 535 μὲν
1232 463 1433 541 πρότερον
1460 488 1577 535 συμ-

117 543 295 613 μάχους
316 543 437 614 ἡμᾶς
460 541 688 605 οἷὸικῆο-οιι,
717 538 989 617 παραδοῦναι
1017 538 1059 592 δὲ
1087 538 1273 599 ἐκείνοις·
1312 538 1579 598 &er-razon}

738 648 746 667 ¹
762 646 964 688 προσαγόμενον

121 724 215 754 sionis
228 735 291 754 suae
305 725 491 763 Anglicanae,
505 735 572 754 ann.
589 726 686 761 1570,
698 723 767 753 ‘the
780 723 828 753 de-

123 767 249 807 livering
260 777 301 805 up
313 767 348 807 qf
362 767 503 797 Familias

166 807 343 850 Ἀπόῤῥητον]
369 811 419 839 Sc.
445 811 524 850 παξιὶ
547 806 767 845 τοῖς“Ἐλληο-ιν,
793 819 831 839 ne

124 853 265 891 Pydnaei,
290 853 347 882 hac
371 864 403 882 re
432 853 565 891 cognita,
593 853 652 882 sibi
677 856 832 883 caverent.

124 895 235 933 Neque
253 905 326 925 vero
348 901 405 932 est,
429 897 509 934 quod
536 905 604 925 cum
627 896 727 925 Schol.
755 895 832 925 illud

123 937 282 978 ἀπόρρητον,
299 938 336 967 ad
355 938 522 968 Potidaeam
540 948 638 977 neque
661 949 728 967 cnm
754 939 836 967 Luc-

125 981 210 1009 ches.
225 981 263 1009 ad
281 982 432 1020 Thespias
450 981 640 1018 Plataeasqne
663 980 834 1010 instauran—

125 1024 181 1052 das
204 1023 384 1059 referamus,
409 1024 433 1053 si
457 1023 560 1052 verbis
588 1024 778 1063 Theopompi
802 1023 835 1052 fi-

126 1067 182 1095 des
205 1070 264 1101 est,
282 1076 348 1105 quae
368 1067 406 1095 ab
428 1066 494 1104 ipso
519 1067 610 1096 Dem.
627 1066 834 1097 confirmatur.

127 1107 251 1138 mimo.

169 1151 267 1190 Τούτῳ
282 1151 540 1192 προσαγαγόμενον]
564 1150 673 1191 Τούτῳ,
696 1152 777 1190 quod
798 1152 836 1181 ad

127 1191 161 1223 το
185 1193 305 1232 φάσκειν
328 1195 532 1229 referendum,
549 1195 638 1232 hujus
661 1193 759 1232 ipsius
776 1194 837 1223 vim

129 1241 231 1273 auget,
248 1241 282 1265 ut
303 1236 384 1266 Phil.
401 1237 447 1265 II.
471 1236 495 1275 ς.
519 1235 552 1265 δ’.
574 1236 701 1275 (οἴεσθε)
721 1235 766 1265 τὸν
790 1238 838 1266 τὴν

129 1276 254 1307 Πυλαίαν
269 1279 420 1313 ἀποδόντα,
439 1280 537 1308 τοῦτον
551 1280 605 1311 τὰς
625 1279 717 1308 αὐτῶν
738 1278 838 1318 προσό-

130 1320 189 1355 δους
203 1321 442 1361 παξαιςήσεσθαι.
464 1321 562 1350 Thne.
576 1322 636 1350 ΙΙΙ.
653 1324 706 1353 43.
722 1321 781 1351 ita:
802 1320 841 1362 τῇ

131 1364 231 1404 ἀπάτῃ
243 1363 436 1404 πςοσάγεσθαι
452 1363 484 1393 τό
498 1362 612 1397 πλῆθος.
628 1364 730 1394 Schol.
742 1364 839 1394 Thuc.

131 1416 188 1446 per
203 1405 390 1444 πιθανολογεῖν
406 1406 554 1445 explieat.
576 1407 682 1437 Ins-tir.

176 1447 285 1489 Φιλίαν]
309 1450 396 1478 Sicut
419 1450 511 1487 paulo
532 1449 658 1478 inferius
677 1450 842 1482 Θετταλοὺς

132 1492 213 1521 refer
235 1492 273 1520 ad
297 1490 542 1532 προσαγαγόμενον
567 1492 648 1530 quod
672 1492 842 1530 praecessit.

134 1535 272 1565 Auem.

179 1575 342 1616 Ποτίδαιαν]
361 1578 408 1607 De
423 1576 561 1607 Potidaea
573 1577 643 1607 vide
656 1577 753 1607 Notas
770 1577 845 1606 Phi-

136 1619 191 1659 lip.
214 1621 241 1649 Ι.
269 1620 294 1658 ᾗ.
316 1619 337 1648 ἑ.
365 1620 415 1648 fin.
460 1620 690 1650 Corinthiorum
716 1619 779 1658 (uti
803 1620 846 1648 ibi

137 1661 290 1697 diximus)
313 1662 431 1692 colonia
456 1663 572 1700 fuerat3
604 1669 674 1692 tunc
700 1662 846 1701 temporis

139 1705 378 1735 Atheniensibus
407 1705 554 1735 societate
583 1710 649 1735 erat
675 1707 846 1744 conjuncta,

138 1748 249 1786 quibus
267 1749 355 1777 etiam
378 1748 526 1777 tributum
542 1749 719 1787 pendebat3
743 1752 849 1788 postea

139 1801 213 1820 vero
227 1791 265 1819 ab
281 1791 319 1820 iis
338 1791 462 1820 defecit.
502 1791 684 1821 Potidaeatae
700 1792 738 1820 ab
753 1791 848 1820 Athe-

140 1832 296 1863 niensibus
320 1833 449 1868 obsessi,
472 1833 558 1868 victi,
577 1835 668 1863 domo
692 1833 771 1874 pulsi
791 1834 848 1863 sub

132 1876 228 1907 finem
256 1876 335 1905 Anni
356 1876 408 1907 Qdi
432 1876 506 1906 belli
530 1876 798 1915 Peloponnesiaci,
819 1876 849 1905 in

141 1929 244 1957 agrum
253 1918 475 1955 Chalcidicum,
485 1923 516 1948 et
526 1930 586 1957 quo
597 1920 727 1958 quisque
740 1918 850 1958 potuit,

142 1961 255 1991 abiere.
280 1961 483 1991 Athenienses
496 1962 654 1991 Coloniam
666 1962 698 1991 in
715 1962 850 1991 Potidae-

143 2013 191 2033 am
206 2004 372 2039 deducunt,
387 2014 513 2043 eamque
537 2004 687 2034 incolunt.
710 2004 849 2042 Thucyd.

144 2046 198 2075 lib.
211 2046 243 2075 ii.
256 2056 287 2084 p.
303 2048 375 2077 0245.
392 2048 426 2076 ln
443 2056 480 2075 ea
492 2046 582 2076 etiam
599 2052 664 2077 erat
672 2047 851 2086 praesidium

145 2088 344 2124 Atheniense,
362 2090 442 2127 quod
460 2089 623 2128 Philippus
645 2100 684 2120 ex
707 2090 782 2119 urbe
798 2090 852 2118 de-

146 2131 246 2166 duxit,
263 2135 294 2160 et
308 2132 472 2161 clementer
486 2136 647 2162 tractatum
658 2132 793 2162 Athenas
805 2142 852 2162 re-

147 2174 240 2203 misit.
266 2174 359 2204 Diod.
376 2174 396 2204 l.
413 2174 478 2204 xvi.
502 2175 645 2205 MovN‘r.

190 2214 285 2246 οὖσαν
307 2216 458 2257 ὑμετέραν]
488 2218 536 2246 De
561 2218 697 2247 Potidaea
717 2218 855 2256 disputa-

147 2264 211 2289 tum
229 2269 322 2298 supra
333 2260 368 2289 ad
388 2260 466 2289 Phil.
478 2261 504 2289 Ι.
518 2259 589 2298 §.72
605 2261 668 2290 Pro
679 2261 766 2300 ὑμετ.
783 2260 854 2290 lect.

148 2302 234 2341 vulg.
261 2303 361 2342 ἢμετ.,
386 2303 440 2332 sed
466 2302 542 2331 hanc
571 2302 689 2332 Reiske
715 2303 855 2338 mutavit,

149 2355 329 2384 quamquam
345 2346 447 2384 paullo
466 2350 535 2385 post
555 2347 631 2385 ἦμῖις
649 2345 789 2381 retinuit,
807 2356 854 2375 se-

150 2392 239 2417 cutus
264 2387 399 2418 Bekker.
450 2388 512 2418 Sed
530 2398 632 2427 quum,
653 2393 687 2418 ut
709 2388 855 2426 vidimus,

149 2430 197 2460 his
228 2430 490 2460 enunciationibus
519 2431 601 2460 idem
628 2432 692 2461 fere
723 2430 855 2467 dicatur,

149 2473 257 2502 eadem
272 2483 403 2512 persona
418 2477 482 2502 erat
496 2474 621 2510 tuenda,
637 2484 732 2513 eaque
748 2484 856 2504 secun-

150 2515 190 2545 da
214 2515 263 2546 vel
290 2520 464 2554 propterea,
489 2517 570 2554 quod
593 2521 694 2546 orator
717 2518 802 2546 cives
827 2521 858 2546 et

149 2557 305 2630 {escribat
342 2562 482 2597 potentes
515 2563 546 2588 et
575 2557 680 2592 ἐκείνοις
710 2564 858 2598 opponat.

180 2610 277 2630 unm.

192 2643 248 2672 Καὶ
267 2644 332 2678 τοὺς
354 2642 409 2682 μὲν
433 2643 558 2684 πρότερον
580 2642 763 2685 συμμάχους
783 2644 860 2684 ἱιμῖις

150 2685 298 2727 ἀδικῆσαι]
328 2686 464 2716 Alterius
492 2687 622 2716 membri
650 2697 767 2717 summa
790 2692 857 2717 est:

152 2727 318 2767 Philippus
337 2729 499 2769 Olynthios
523 2730 562 2759 ad
585 2739 669 2759 suam
695 2729 858 2760 amicitiam

152 2769 292 2808 pellexit.
315 2772 502 2810 Quomodo‘!
531 2772 713 2808 Potidaeam,
724 2777 857 2803 nostram

154 2812 319 2848 civitatem,
347 2815 378 2844 vi
406 2820 539 2854 captam,
560 2815 698 2850 abstulit,
725 2815 773 2854 (in
798 2826 858 2854 quo

154 2854 244 2884 fidem
267 2855 421 2886 societatis
438 2857 576 2892 violavit,
593 2862 624 2887 et
639 2857 725 2888 vanis
740 2857 858 2898 pollici-

155 2895 321 2927 tationibus
336 2908 390 2928 nos
402 2899 620 2940 circumvenit)
631 2901 785 2939 Olynthiis
796 2905 858 2930 tra-

153 2938 245 2968 didit.
260 2939 369 2970 Nullus
381 2943 541 2980 serupulus
553 2943 690 2982 reliquus
700 2947 757 2979 est,
767 2944 858 2973 modo

153 2980 318 3021 intelligas,
334 2993 371 3013 eo
383 2987 533 3024 tempore,
548 2996 608 3024 quo
619 2987 680 3018 ista
688 2986 768 3017 fucta
778 2991 859 3023 sunt,

865 723 1045 762 Philippum
1071 722 1166 753 fuisse
1193 722 1423 752 Atheniensium
1448 721 1577 752 socium.

866 767 903 796 In
919 766 1051 805 epistola
1071 770 1155 795 certe
1173 765 1296 804 quidem
1322 776 1375 794 sua
1396 765 1519 794 scribit:
1545 763 1577 794 ἵν’

867 808 1044 849 ἐμμείνωμεν
1067 809 1126 842 τοῖς
1149 807 1242 849 ὅρκοις,
1258 807 1307 837 καῖ
1321 809 1388 841 ταῖς
1405 806 1578 847 ὁμολογίαις,

867 857 926 882 etc.
952 852 1014 882 Sed
1030 851 1239 890 Chronologia
1261 851 1391 880 fortasse
1415 855 1577 889 repugnat.

867 896 942 925 Post
957 893 990 925 τὸ
1006 895 1094 934 ἡμᾶς,
1116 894 1284 924 asteriscus
1307 894 1429 922 additus
1452 894 1578 927 indicat,

867 938 1038 967 dubitatum
1054 947 1122 967 esse
1132 937 1170 967 de
1181 937 1325 966 lectione.
1350 936 1433 972 Quid
1444 936 1469 965 si
1481 935 1576 975 {ufai-iv?

869 985 903 1010 ut
919 981 956 1010 de
971 980 1152 1010 Potidaeatis
1166 979 1367 1018 intelligatur,
1379 979 1470 1008 sociis
1483 979 1578 1008 Athe-

869 1023 1031 1053 niensium.
1054 1023 1117 1052 Sed
1130 1033 1197 1052 cnm
1211 1021 1360 1052 Ποτίδαιαν
1374 1018 1458 1051 οὖσαν
1474 1019 1579 1061 ἢμετέ-

869 1077 915 1107 ραν
938 1067 1113 1105 praecedat:
1142 1067 1272 1095 sortasse
1293 1074 1399 1103 parum
1424 1063 1580 1100 convenit,

870 1110 993 1138 eosdem
1021 1115 1052 1139 et
1082 1107 1214 1142 ὑπηκόους
1240 1112 1271 1138 et
1297 1105 1480 1148 συμμάχους
1505 1107 1577 1136 diei.

871 1152 932 1181 Sed
948 1152 1011 1180 haec
1025 1152 1180 1181 hactenus.
1194 1151 1317 1180 WoLF.
1340 1150 1581 1183 Dubitationem,

871 1204 960 1233 quam
973 1194 1107 1223 Wolfius
1121 1193 1294 1232 proposuit,
1309 1193 1378 1231 ipse
1396 1192 1503 1221 eximit
1520 1193 1583 1221 De-

871 1237 1060 1271 mosthenes,
1068 1241 1157 1274 atque
1168 1236 1244 1264 adeo
1254 1235 1445 1264 Scholiasteu
1457 1234 1583 1269 refellit,

873 1279 925 1318 qui
959 1289 1016 1318 per
1051 1277 1232 1319 συμμάχους
1256 1278 1443 1307 Potidaeatas
1469 1277 1583 1306 intelli-

874 1322 930 1361 git,
946 1321 1064 1352 scilicet
1079 1331 1134 1359 pro
1157 1322 1232 1360 ἡμᾶς
1251 1320 1380 1360 legendo
1404 1322 1491 1358 ἦμῶν.
1529 1321 1585 1349 Et-

875 1365 954 1394 enim
980 1375 1019 1394 ex
1045 1366 1112 1403 ejus
1139 1363 1286 1393 Oratione
1315 1363 1378 1402 πεξῖ
1406 1362 1535 1392 Ἃλονήσ.
1559 1362 1587 1401 §.

876 1406 913 1445 γ’.
936 1407 1082 1437 discimus
1113 1417 1172 1435 non
1199 1406 1297 1435 solum
1324 1406 1495 1435 Potidaeam
1521 1409 1586 1434 tum

878 1450 1026 1488 temporis
1056 1449 1260 1480 Athenienses
1290 1448 1469 1483 incoluisse,
1504 1449 1587 1487 quod

878 1494 971 1522 inodo
987 1493 1134 1526 diximus,
1153 1501 1257 1521 verum
1273 1492 1364 1520 etiam
1378 1491 1416 1520 iis
1429 1501 1497 1520 cum
1515 1491 1589 1520 Phi-

878 1535 965 1574 lippo
991 1535 1168 1565 societatem
1193 1538 1256 1563 tum
1278 1533 1465 1563 interfuisse.
1495 1532 1590 1563 Καίτοι

879 1576 1030 1608 Ἀθηναίων
1046 1579 1068 1607 οἱ
1083 1576 1109 1606 ἐν
1124 1575 1260 1616 Ποτιδαίᾳ
1274 1577 1476 1611 κατοικοῦντες,
1490 1576 1537 1606 οὐκ
1553 1574 1592 1605 ὅν-

881 1631 928 1654 τος
952 1621 1048 1654 αὐτοῖς
1076 1619 1213 1658 πολέμου
1240 1618 1305 1659 πρὸς
1334 1617 1483 1654 Φίλιππον,
1511 1618 1592 1647 ἀλλὰ

882 1661 1125 1703 συμμαχίας,
1148 1662 1196 1691 καὶ
1211 1661 1291 1701 δ’ρκων
1306 1660 1533 1701 ὀμωμοσμένων,
1549 1660 1592 1694 οὓς

883 1705 1022 1740 Φίλιππος
1044 1707 1103 1739 τοῖς
1127 1705 1242 1734 οἰκοῦσιν
1265 1703 1291 1733 ἐν
1312 1704 1448 1743 Ποτιδαίᾳ
1474 1704 1595 1742 ὤμοσεν,

882 1748 1064 1789 &eppei-&nsaw
1077 1746 1127 1777 ὑπ’
1138 1747 1225 1777 αὐτοῦ
1241 1748 1280 1776 τα
1296 1747 1450 1786 κτήματα.
1484 1748 1593 1785 Neque

884 1801 955 1821 sane
972 1790 1175 1821 necessarium
1192 1794 1239 1819 est
1253 1789 1401 1828 Philippo
1414 1794 1477 1818 tum
1495 1789 1594 1818 socios

884 1834 979 1863 fuisse
987 1833 1202 1868 Athenienses,
1213 1836 1248 1861 ut
1259 1836 1342 1862 recte
1353 1833 1462 1862 habeat
1470 1836 1597 1871 recepta

884 1876 999 1906 lectio:
1024 1875 1103 1906 dicit
1122 1875 1199 1905 enim
1222 1876 1288 1909 ’τοὺς
1311 1874 1446 1914 wenis-figor
1467 1873 1596 1914 συμμοί-

884 1930 964 1960 χους,
979 1925 1067 1949 antea
1087 1920 1177 1958 ipsius
1201 1919 1294 1954 sociis,
1318 1918 1402 1947 nullo
1419 1921 1503 1947 certo
1519 1923 1596 1946 tem-

885 1972 960 2001 pore
971 1962 1107 1996 definito,
1117 1961 1198 2000 quod
1211 1961 1316 1999 utique
1332 1970 1435 1990 verum
1447 1970 1515 1989 esse
1528 1960 1597 1998 ipse

887 2004 957 2033 alibi
975 2004 1200 2034 Demosthenes
1218 2007 1360 2032 testatur.
1392 2004 1428 2031 ln
1450 2002 1538 2032 Orat.
1556 2003 1597 2031 de

886 2047 1001 2076 Coron.
1023 2047 1049 2085 ᾗ.
1071 2045 1117 2084 ιγ’.
1128 2045 1207 2074 -ἐν
1222 2046 1260 2086 τῇ
1276 2043 1340 2085 πςός
1355 2046 1432 2083 ὑμᾶς
1449 2043 1599 2085 ἐπιστολῇ

886 2088 950 2130 πρὸς
964 2090 1027 2123 τοὺς
1040 2088 1139 2118 ἑαυτοῦ
1152 2086 1347 2128 συμμάχουςῑ
1367 2087 1516 2116 similiain
1529 2087 1597 2116 aliis

886 2132 1003 2171 passim
1017 2132 1095 2161 locis
1112 2136 1285 2160 occurrunt.
1309 2131 1452 2160 MouNT.

930 2175 1000 2208 Τοὺς
1012 2173 1068 2214 μὲν
1082 2174 1207 2215 πρότες]
1233 2173 1383 2211 Intelligit
1405 2174 1497 2202 Dem.
1511 2172 1598 2210 ipsos

889 2217 1104 2251 Athenienses,
1134 2217 1186 2255 qui
1214 2216 1284 2245 olim
1314 2215 1453 2254 Philippi
1479 2216 1600 2245 fuerant.

889 2260 965 2290 socii
978 2271 984 2288 ε
1009 2260 1047 2289 de
1064 2260 1136 2289 Cor.
1150 2260 1175 2299 §.
1190 2258 1235 2297 ιγ’.
1251 2258 1383 2297 epistola
1396 2257 1538 2297 Philippi
1551 2269 1600 2288 re-

889 2303 994 2339 citata,
1017 2302 1137 2342 pergit:
1163 2301 1289 2335 ἀκούετε,
1306 2302 1341 2335 ὡς
1363 2304 1463 2340 σαφῶς
1482 2301 1562 2331 δηλοῖ
1573 2300 1600 2331 ἐν

888 2345 927 2387 τῇ
953 2344 1018 2386 orgi(
1042 2346 1118 2384 ὑμᾶς
1141 2343 1293 2384 ἐπιστολῇ,
1318 2342 1384 2383 πςός
1410 2345 1473 2378 τοὺς
1499 2343 1600 2373 ἑαυτοῦ

889 2387 1083 2429 συμμάχους,
1109 2387 1180 2417 coll.
1206 2398 1251 2417 or.
1274 2387 1312 2417 de
1337 2385 1487 2417 Halones.
1511 2386 1538 2425 ᾗ.
1560 2385 1598 2425 γ’.

890 2430 1018 2462 Βϋοιο.

932 2473 1102 2514 Παραδοῧναι
1131 2472 1158 2503 δὲ
1187 2472 1306 2513 ἐκείνοις]
1341 2472 1514 2502 Diodorum
1544 2471 1599 2502 lib.

891 2516 983 2546 XVI.
1001 2516 1042 2545 ait
1057 2516 1233 2555 Philippum
1254 2515 1428 2554 pollicitum
1447 2515 1545 2545 fuisse
1567 2525 1600 2545 se

893 2559 1064 2589 Potidaeam
1083 2558 1238 2597 Olynthiis
1252 2558 1448 2593 traditurum,
1463 2559 1552 2596 cujus
1568 2568 1598 2587 a·

893 2601 1084 2640 dipiscendae
1109 2611 1218 2640 magno
1245 2601 1365 2642 pridem
1392 2601 1495 2631 studio
1516 2606 1601 2630 tene-

893 2645 1020 2674 bantur:
1041 2644 1160 2674 tradita:
1175 2645 1267 2674 etiam
1283 2654 1341 2674 non
1356 2644 1506 2678 meminit,
1519 2643 1600 2682 quod

892 2686 1000 2717 mirum
1010 2687 1161 2722 videatur,
1171 2697 1238 2716 cum
1251 2687 1281 2717 id
1294 2687 1408 2716 factum
1422 2686 1518 2716 fuisse
1531 2695 1601 2715 cum

893 2740 933 2759 ex
959 2730 1018 2760 hoo
1040 2734 1103 2760 tum
1125 2740 1165 2759 ex
1190 2730 1257 2760 aliis
1281 2729 1500 2760 Demosthenis
1521 2727 1600 2757 locis

894 2772 968 2802 satis
997 2773 1188 2803 manifestum
1215 2772 1266 2808 sit,
1297 2773 1439 2812 Pydnam
1464 2780 1538 2800 vero
1562 2769 1600 2798 iis

893 2816 1025 2845 donasse
1042 2816 1137 2845 refert
1151 2825 1218 2845 cum
1239 2814 1322 2853 agris
1337 2820 1369 2845 et
1387 2813 1492 2844 fundis
1512 2811 1600 2841 terri-

893 2858 975 2888 torii.
999 2859 1140 2889 MouNT.
1163 2858 1226 2888 Cfr.
1243 2858 1327 2887 Phil.
1344 2858 1391 2887 11.
1408 2856 1434 2895 ᾗ.
1448 2854 1480 2885 δ’.

937 2902 1102 2935 Θετταλοὺς
1127 2900 1172 2942 δὲ]
1196 2901 1277 2931 Nam
1301 2905 1332 2930 et
1352 2899 1384 2928 hi
1407 2907 1465 2927 non
1489 2895 1600 2930 minus,

893 2954 982 2983 quam
995 2944 1144 2979 Thebani,
1160 2943 1267 2982 templi
1290 2939 1433 2980 Delphici
1448 2937 1600 2967 defensio-

892 2997 961 3018 nem
977 2990 1186 3026 susceperant.
1199 2985 1316 3016 Wom.
1339 2984 1379 3012 V.
1394 2980 1488 3012 Diod.
1502 2980 1562 3011 Sic.
1578 2979 1599 3009 l.
