1824 3171
450 147 532 185 AD
563 145 724 184 SUUM
753 146 1048 183 DEMOSTH.
1078 146 1357 183 PRAEFATT.
1524 159 1629 184 xxxv

182 252 346 296 diversa,
366 254 433 288 aut
450 249 490 287 in
515 248 655 289 eodem
673 247 789 296 varia,
809 248 887 287 sive
907 247 1152 299 marginibus,
1171 247 1250 285 sive
1275 258 1439 298 superne
1458 249 1629 287 versibus

181 313 326 361 addita,
346 323 450 363 saepe
468 311 507 349 in
533 316 758 349 contextum
777 310 1022 362 irrepserunt,
1054 311 1219 362 locoque
1247 316 1447 348 moverunt
1464 318 1628 358 veteres,

181 382 224 412 ut
241 374 293 412 ita
307 373 445 419 dicam,
466 372 635 411 colonos.
693 373 756 410 Sic
777 373 850 411 alia
868 386 936 424 pro
956 373 1038 411 aliis
1059 373 1276 415 substituta,
1298 372 1517 409 necessaria
1534 386 1629 422 prae-

179 435 366 481 termissa‚
400 448 688 487 supervacanea
712 435 918 480 inculcata,
949 435 1104 485 elegans
1131 442 1169 472 et
1204 446 1409 472 numerosa
1437 440 1629 473 structura

177 510 359 548 perversa
377 504 436 535 est
458 510 733 548 saepenumero.
787 498 833 534 In
854 510 930 547 quo
950 509 1091 547 genere
1119 495 1280 533 multum
1301 501 1485 546 peccatur
1503 495 1552 532 ab
1572 495 1630 542 iis,

178 559 245 610 qui
264 559 446 598 memoria
461 559 588 610 potius
608 572 720 610 quam
740 558 860 596 oculis
876 558 914 595 in
929 557 1182 596 describendo
1203 563 1377 601 utuntur,
1399 556 1629 594 sententiam

177 621 304 659 animo
323 622 642 672 complectentes,
664 620 903 670 eandemque
924 634 993 658 suo
1013 620 1127 657 modo
1147 619 1362 665 efferentes,
1384 626 1424 657 et
1443 619 1569 657 verbis
1589 626 1629 657 et

175 683 311 721 ordine
325 684 530 721 verborum
549 683 752 734 neglectis.
809 683 907 720 Cum
926 690 1056 720 autem
1076 681 1293 732 bibliopolae
1313 688 1464 719 veteres
1484 680 1629 719 manci-

174 744 244 796 piis
264 752 476 792 uterentur,
498 759 519 783 e
539 745 677 796 quibus
694 758 790 783 unus
816 744 959 796 aliquid
979 744 1258 795 pronunciaret,
1276 757 1362 794 quae
1380 742 1516 794 reliqui
1535 743 1629 781 scri-

174 806 331 846 berent:
351 807 382 845 si
399 807 459 845 vel
479 807 645 845 dictator
664 807 728 845 ille
748 821 882 858 parum
903 805 1106 845 commode
1128 813 1168 843 et
1187 806 1368 844 distincte
1388 813 1445 843 est
1463 806 1627 851 locutus,

174 868 236 906 vel
250 881 272 906 e
288 868 419 906 scribis
434 868 565 920 aliqui,
580 875 647 907 aut
662 868 857 915 surdastri,
872 875 938 906 aut
950 867 1107 906 fortuito
1123 867 1285 919 strepitu
1301 881 1348 906 ac
1364 867 1526 905 tumultu
1538 880 1627 918 per-

174 930 314 968 turbati
331 931 509 968 fuerunt:
532 930 614 982 quis
634 931 726 969 alios
745 932 819 970 alia
837 931 1029 982 scripsisse
1047 930 1234 968 miretur?
1263 930 1443 968 Accessit
1459 930 1627 967 insolens

174 991 370 1042 quoddam
383 995 659 1045 καλλιγραφίας
676 995 735 1030 καὶ
749 1003 813 1040 τῆς
830 993 889 1030 διὰ
906 997 1064 1043 σημείων
1085 999 1194 1030 τινῶν
1215 993 1417 1044 συντομίας
1436 991 1624 1030 studium:

173 1054 291 1092 nihilo
306 1055 441 1093 melius
456 1068 571 1105 quam
584 1055 666 1106 ipsa
681 1059 926 1107 κακογραφία.
970 1055 1144 1104 Utraque
1164 1055 1263 1092 enirn
1284 1055 1323 1092 τὸ
1341 1055 1626 1102 εὐανάγνωστον

174 1116 255 1167 (qui
269 1116 390 1154 omnis
404 1117 604 1167 scripturae
616 1116 700 1154 finis
711 1117 929 1168 praecipuus
941 1124 1021 1154 est:
1041 1123 1083 1153 ut
1098 1117 1279 1154 orationis
1295 1120 1334 1154 τὸ
1349 1117 1627 1162 εὐκατάληπτον

170 1178 230 1214 καὶ
252 1178 415 1228 εὐήκοον)
440 1177 625 1229 impediit,
651 1191 739 1216 cum
767 1179 924 1217 eosdem
948 1179 1192 1216 characteres
1218 1186 1258 1216 et
1286 1179 1423 1215 ductus
1450 1184 1488 1215 et
1515 1185 1626 1216 notas

171 1239 477 1290 compendiarias
491 1240 551 1278 alii
565 1241 765 1291 aliter,pro
778 1240 1014 1292 suaquisque
1027 1240 1279 1290 intelligentia
1287 1247 1324 1278 et
1338 1239 1625 1292 perspicientia,

169 1300 356 1351 legerent.
385 1302 524 1353 Itaque
540 1308 587 1340 τά
605 1304 644 1340 ἐκ
659 1308 721 1340 τοῦ
734 1302 1049 1351 δυσαναγνώστου
1066 1303 1309 1354 παροράματα
1326 1316 1403 1340 non
1424 1303 1625 1353 pauciores

169 1363 412 1409 mutationes,
434 1377 548 1415 quam
568 1365 606 1402 αἱ
627 1367 825 1415 παρακοαὶ,
847 1371 1093 1416 pepererunt.
1149 1365 1250 1402 Nam
1270 1365 1317 1402 de
1336 1365 1440 1402 libris
1459 1373 1525 1402 aut
1545 1377 1626 1402 mu-

168 1424 299 1470 tilatis,
320 1432 387 1462 aut
406 1432 609 1471 vetustate,
629 1432 667 1463 et
688 1438 781 1463 casu
800 1426 977 1476 quopiam
1007 1426 1207 1477 corruptis,
1237 1434 1302 1464 aut
1330 1439 1352 1464 a
1371 1426 1499 1464 blattis
1519 1433 1558 1463 et
1578 1426 1624 1463 ti-

168 1488 251 1526 neis
271 1487 403 1533 erosis,
426 1495 639 1525 atramento
668 1487 783 1525 etiam
813 1488 1069 1535 exolescente,
1090 1490 1148 1524 καὶ
1166 1491 1314 1535 ἐξίτηλα
1343 1491 1390 1526 ra*
1418 1489 1625 1540 γράμματα

169 1549 390 1594 exhibente,
404 1562 584 1599 quorsum
603 1547 740 1586 attinet
761 1549 918 1587 dicere?
973 1550 1062 1588 Jam
1080 1549 1320 1587 librariorum
1335 1549 1496 1594 inscitia,
1516 1549 1624 1587 incu-

168 1611 236 1657 ria,
252 1610 414 1661 perfidia
432 1610 494 1648 cui
513 1624 591 1648 non
606 1617 699 1648 nota
718 1611 806 1648 est?
863 1612 960 1654 Quae
980 1615 1262 1663 μεταπλασμῶν
1281 1625 1425 1662 genera
1445 1625 1521 1649 non
1541 1625 1624 1649 cre-

166 1674 237 1711 bro
266 1672 501 1711 occurrunt?
558 1673 699 1711 Omnia
719 1681 822 1712 certe
842 1675 959 1725 plena
976 1674 1105 1712 videas
1134 1673 1373 1725 προσθέσεων
1393 1676 1453 1711 καὶ
1471 1676 1624 1726 α’φαιρὲ·

169 1751 275 1782 σεων,
297 1734 531 1773 ἑπενθέσεων
551 1737 610 1772 καὶ
634 1739 846 1785 συγκοπῶν,
867 1740 1109 1786 παραγωγιίῐν
1127 1738 1185 1774 καὶ
1213 1737 1426 1782 α’ποκοπῶν,
1448 1738 1627 1774 αὐτιστοι·

166 1801 263 1849 χιῶν
283 1799 340 1834 καὶ
359 1798 599 1848 μεταθέσεων.
619 1796 659 1834 ἓν
678 1795 739 1839 αἷς
760 1799 818 1834 καὶ
834 1799 873 1835 αἱ
901 1798 1065 1841 ἐκτάσεις
1093 1800 1153 1835 καὶ
1181 1798 1219 1835 αἱ
1251 1799 1429 1835 συστολαὶ
1458 1798 1624 1848 ἐμπεριέ-

168 1872 317 1912 χονται·
348 1857 561 1909 διαιρέσεων
581 1873 618 1896 τε
638 1859 697 1895 καὶ
717 1861 975 1909 συναιρέσεων,
996 1861 1054 1896 καὶ
1072 1861 1112 1896 οὐ
1135 1857 1342 1906 συλλαβῶν
1362 1861 1495 1909 μόνων,
1521 1860 1625 1896 α’λλὰ

169 1921 227 1956 καὶ
246 1921 388 1966 λέξεων·
418 1921 465 1961 ἃς
483 1920 518 1956 οἱ
537 1919 607 1970 μὲν
637 1921 833 1963 α’πολύτως
861 1920 895 1957 οἱ
929 1919 968 1957 δὲ
997 1921 1086 1965 ὑφὲν
1117 1919 1298 1971 γράφουσι
1328 1922 1565 1970 συναλοιφῶν
1585 1935 1623 1956 τε

165 1984 225 2019 καὶ
243 1981 469 2031 exmilitem.
527 1981 616 2019 Nec
636 1982 774 2020 desunt
803 1982 1013 2033 ὑπερβατεί,
1043 1983 1286 2034 α’ναστροφαὶ,
1318 1982 1499 2027 διακοπαὶ,
1531 1999 1623 2030 συγ-

167 2044 310 2094 χύσεις,
331 2044 464 2096 ὕστερα
484 2044 657 2094 πρότερα.
675 2057 750 2080 nee
779 2044 959 2092 ἐκλείψεις
988 2045 1046 2080 καὶ
1070 2044 1299 2093 πλεονασμοὶ
1318 2045 1378 2079 καὶ
1396 2042 1545 2093 ἅρυθμα
1566 2046 1624 2079 καὶ

168 2104 446 2143 κακοσύνθεταῖ
476 2118 549 2143 nec
578 2106 820 2147 α’ντιπτώσεις
854 2107 913 2142 καὶ
943 2107 1177 2155 α’ντιμέρειαι,
1206 2107 1266 2142 καὶ
1294 2106 1507 2153 ἐναλλαγαὶ
1535 2122 1641 2156 προ-.

167 2167 321 2213 θέσεων,
352 2168 510 2218 ὄρθρων,
533 2166 762 2218 συνδέσμων,
793 2168 1046 2217 άντωνυμιῶν,
1069 2166 1343 2218 ἐπιρῥημοίτων,
1366 2170 1620 2216 συγκριτικῶν,

168 2235 304 2280 γενῶν,
333 2232 515 2282 α’ριθμῶν,
553 2229 668 2276 εἱδῶν,
709 2230 923 2281 σχημάτων,
956 2232 1112 2281 χρόνων,
1154 2228 1368 2275 διαθέσεων,
1407 2230 1621 2277 ἐγκλίσεων,

166 2292 397 2343 πνευμάτων,
428 2293 557 2337 τόνων,
587 2293 727 2337 παθῶν,
751 2290 968 2337 συντάξεων,
991 2290 1161 2328 omnium
1182 2290 1347 2341 denique
1367 2303 1513 2335 eorum,
1534 2304 1622 2342 quae

167 2353 421 2392 Grammatici
441 2353 572 2392 Graeci
592 2353 766 2404 ἑπόμενα,
786 2352 917 2390 Latini
936 2352 1152 2391 accidentia
1170 2352 1333 2403 partium
1353 2353 1534 2390 orationis
1553 2366 1621 2404 ap-

166 2417 324 2468 pellant,
355 2423 395 2453 et
427 2415 657 2467 reliquarum
686 2415 1001 2466 praeceptionum,
1031 2427 1116 2465 quae
1145 2414 1368 2459 orationem,
1398 2421 1464 2452 aut
1492 2415 1621 2452 obser-

166 2485 278 2523 vatae,
299 2478 452 2529 planam
472 2490 518 2515 ac
546 2476 788 2528 perspicuam
817 2477 996 2522 reddunt,
1027 2483 1093 2514 aut
1120 2476 1325 2526 neglectae,
1345 2475 1553 2514 obscurant
1581 2484 1621 2514 et

168 2540 396 2578 deformant.
468 2537 700 2586 Hujusmodi
735 2537 987 2575 mutationum
1018 2543 1125 2574 tanta
1155 2537 1357 2575 multitudo
1386 2538 1445 2575 vel
1474 2537 1514 2574 in
1542 2551 1619 2576 uno

168 2602 436 2640 Demosthene
465 2600 643 2644 occurrit,
673 2606 728 2645 ut,
758 2599 789 2636 si
807 2600 889 2650 quis
909 2606 948 2637 et
969 2599 1047 2637 otio
1075 2599 1257 2644 abundet,
1287 2613 1360 2637 nec
1381 2600 1536 2650 ingenio
1557 2613 1619 2638 ca-

168 2671 263 2710 reat,
285 2670 325 2701 et
343 2662 555 2701 eruditione
582 2662 751 2712 polleat:
782 2662 920 2708 λεξικὸν
949 2662 1181 2713 σφαλμάτων
1208 2660 1500 2712 ἐπανορθωτικόν
1528 2674 1619 2699 con-

168 2726 285 2764 ficere
314 2738 425 2776 posse
452 2724 658 2762 videatur:
688 2730 727 2760 et
754 2723 791 2760 in
820 2722 1033 2768 salebrosis,
1056 2723 1236 2767 obscuris,
1259 2723 1397 2768 dubiis,
1426 2723 1619 2773 impeditis

169 2788 261 2825 loeis
281 2788 442 2825 aliorum
460 2786 575 2824 etiam
596 2793 786 2830 autorum,
805 2799 883 2823 non
904 2793 981 2823 tam
1003 2784 1093 2836 quid
1109 2784 1293 2835 scriptum
1310 2783 1370 2830 sit',
1393 2798 1506 2835 quam
1526 2785 1619 2834 quid

171 2849 416 2886 scribendum
442 2847 570 2893 fuerit,
600 2860 621 2885 e
642 2847 810 2885 dictione
838 2846 1044 2897 scriptoris,
1075 2858 1097 2884 e
1116 2846 1264 2884 ratione
1292 2846 1567 2891 Grammatica,
1596 2858 1619 2883 e

171 2909 358 2948 sententia
377 2916 417 2949 et
435 2909 732 2956 constructione,
748 2907 964 2947 temeritate
985 2914 1146 2954 remota,
1162 2907 1346 2946 divinare.
1385 2907 1469 2944 Nos
1487 2914 1619 2945 autem
