1824 3171
380 154 625 192 LAMBINI
658 154 830 192 PRAEF.
863 155 941 192 AD
973 153 1061 190 ED.
1092 153 1231 191 DEM.
1264 154 1441 191 PAltlS.
1551 153 1655 189 xxvii

216 256 412 293 vertebant
439 268 532 294 sua:
563 256 612 293 de
630 259 706 306 'quo
735 256 1216 306 praetereunte'dicebant:
1238 255 1316 294 Hic
1337 264 1394 293 est
1422 256 1485 293 ille
1507 256 1652 293 Demo-

212 317 377 361 sthenes,
400 317 462 367 qui
484 317 712 355 Ciceronem
731 316 854 361 nobis,
877 325 1039 367 quantus
1060 324 1132 363 est,
1157 317 1294 354 effecit.
1352 316 1503 354 Deinde
1524 317 1650 360 etiarn,

212 390 304 427 quos
331 378 445 415 modo
475 378 637 423 laudavi,
660 379 869 416 Danesium
890 387 928 416 et
951 379 1199 429 Obsopoeum,
1227 379 1291 428 qui
1324 378 1360 414 in
1391 378 1651 415 Demosthene

212 438 448 476 restituendo
467 439 687 490 praeclaram
717 447 901 477 navarunt
929 453 1098 490 operam.
1154 439 1367 477 Artificium
1387 451 1489 482 vero,
1511 438 1582 474 etsi
1603 451 1651 474 ex

211 499 294 550 ipso
324 500 465 538 artifice
488 504 568 549 Jam
599 501 777 551 cognosci
803 501 940 551 potuit,
966 508 1094 538 tamen
1113 500 1247 538 melius
1268 508 1307 538 et
1328 499 1466 537 certius
1486 511 1535 536 ex
1556 499 1651 548 ipsa-

211 573 292 597 rum
311 561 521 599 orationum
540 569 689 600 textura
709 569 747 600 et
766 562 931 600 lectione
958 562 1202 612 intelligetur.
1261 561 1444 611 Superest
1463 560 1653 604 materies,

211 620 250 657 in
270 634 345 671 qua
364 622 500 660 artifex
525 622 596 660 iste
616 622 764 660 divinus
790 629 911 660 artem
930 635 1038 660 suam
1057 622 1286 661 declaravit:
1317 635 1363 659 ea
1382 634 1472 659 vero
1491 620 1552 657 hic
1577 627 1654 656 tam

210 682 337 732 ampla
357 690 427 728 est,
457 690 614 733 tamque
647 683 724 720 late
743 690 890 732 patens,
912 690 955 719 ut
975 696 1107 721 omnes
1127 683 1374 734 philosophiae
1394 689 1521 732 partes
1541 682 1655 718 attin-

210 755 302 793 gere
319 743 504 782 videatur.
548 744 649 781 Nam
669 750 708 780 et
728 756 787 781 res
806 743 844 780 in
865 745 1098 782 obscuritate
1119 752 1265 781 naturae
1282 744 1444 782 latentes
1464 743 1653 780 interdum

208 804 272 842 hic
293 812 420 842 orator
437 806 476 842 in
493 811 665 855 apertam
688 805 816 843 lucem
842 805 1044 856 splendida
1063 813 1102 844 et
1120 805 1254 843 illustri
1274 805 1445 842 oratione
1465 803 1592 847 trahit,
1614 811 1653 840 et

208 865 258 903 de
278 866 479 904 virtutibus
500 874 540 904 et
558 866 655 904 vitiis
684 866 918 904 ornatissime
945 867 1061 905 dicit:
1091 874 1131 904 et
1155 866 1390 917 argumentis
1415 865 1468 903 sic
1493 872 1653 916 pugnat,

207 935 251 966 ut
272 936 403 966 contra
421 936 521 966 stare
541 928 779 966 adversarius
795 929 900 966 nullo
925 929 1040 967 modo
1059 928 1189 981 possit.
1244 928 1390 966 Verum
1410 927 1495 965 haec
1514 926 1564 965 ad
1583 926 1655 963 tria

208 1003 427 1028 caussarum
457 1003 601 1040 genera
621 990 748 1028 omnia
766 990 935 1028 referunt
960 998 1156 1029 oratores:
1185 991 1235 1028 ad
1263 988 1573 1033 consultationes,
1603 987 1653 1025 ad

206 1052 354 1096 laudes,
369 1058 408 1089 et
428 1052 477 1089 ad
490 1051 693 1099 judiciales
713 1053 1001 1091 controversias,
1038 1054 1064 1091 J
1069 1052 1248 1090 udiciales
1264 1058 1392 1090 autem
1410 1063 1554 1088 caussae
1566 1056 1652 1087 sunt

207 1119 296 1150 sunt
315 1112 524 1162 bipertitae;
554 1112 639 1150 aliae
666 1112 766 1149 enim
783 1120 870 1150 sunt
896 1113 944 1150 de
970 1114 1130 1164 publicis
1160 1115 1274 1151 rebus
1304 1112 1479 1158 civitatis,
1500 1111 1583 1149 aliae
1604 1111 1653 1148 de

206 1173 362 1224 privatis
381 1173 518 1210 civium
535 1172 634 1210 inter
652 1186 693 1211 se
712 1173 851 1211 litibus.
906 1174 1043 1224 Itaque
1062 1182 1102 1212 et
1126 1187 1177 1212 ex
1208 1174 1266 1212 his
1290 1173 1410 1211 tribus
1440 1171 1656 1210 orationum

206 1233 471 1279 voluminibus,
501 1234 664 1285 primum
695 1234 991 1273 consultationes
1010 1242 1049 1273 et
1066 1235 1212 1281 laudes,
1233 1234 1335 1286 quod
1363 1235 1424 1271 hae
1452 1233 1653 1285 pauciores

205 1294 292 1339 sint,
313 1308 426 1346 quam
440 1295 597 1343 judicia,
619 1295 815 1334 continet:
846 1296 1069 1343 secundum,
1091 1296 1294 1345 judiciales
1313 1308 1448 1334 causas
1468 1307 1545 1340 eas,
1567 1307 1653 1344 quae

205 1356 253 1394 de
270 1357 429 1407 publicis
449 1357 562 1395 rebus
578 1357 794 1408 disceptant
809 1371 817 1395 :
838 1358 1005 1404 tertium,
1021 1358 1183 1409 privatas
1204 1358 1341 1396 civium
1357 1356 1652 1396 controversias.

207 1418 409 1457 Noluimus
438 1420 538 1457 enim
557 1419 879 1467 commoditatem,
900 1420 930 1458 si
946 1433 1022 1471 qua
1040 1420 1078 1457 in
1096 1421 1170 1458 hac
1189 1419 1373 1471 tripartita
1392 1418 1576 1456 divisione
1595 1417 1651 1453 in-

207 1488 277 1526 est,
294 1481 497 1531 aspernari,
516 1495 564 1519 ne
580 1482 685 1519 vobis
705 1482 830 1533 aliqua
848 1495 897 1519 ex
918 1490 1027 1533 parte
1048 1482 1216 1521 defuisse
1236 1482 1446 1520 videamur.
1502 1479 1652 1517 valete.

210 1542 383 1589 Basileae,
407 1542 764 1581 Calend.Januarii.
789 1545 903 1584 1547.

515 1675 921 1724 DIONYSIUS
960 1675 1349 1725 LAMBINUS

853 1775 1011 1813 Lectori.

260 1852 500 1890 AsssoLtJTA
523 1860 582 1890 est
604 1852 771 1898 tandem,
792 1853 916 1891 lector
939 1852 1097 1898 erudite,
1120 1851 1394 1890 Demosthenis
1423 1850 1552 1895 editio,
1573 1863 1652 1886 om-

205 1911 316 1951 nibus
331 1913 526 1951 literarum
542 1927 749 1965 graecarum
765 1914 943 1952 studiosis
963 1915 1107 1952 tamdiu
1129 1920 1366 1964 exspectata,
1395 1919 1434 1950 et
1452 1919 1651 1962 tantopere

206 1981 412 2024 exoptata:
442 1982 558 2026 atque
586 1975 630 2012 iis
650 1975 805 2026 quidem
835 1976 1067 2026 temporibus
1096 1975 1284 2020 absoluta,
1313 1974 1450 2024 quibus
1470 1973 1531 2009 vix
1552 1972 1652 2022 quis-

204 2048 316 2084 quam
336 2035 412 2073 hoc
433 2037 592 2074 auderet
612 2044 757 2087 optare,
774 2037 913 2074 nedum
934 2051 1100 2087 sperare.
1159 2037 1257 2075 Cum
1288 2035 1387 2073 enim
1408 2035 1550 2072 scirent
1570 2047 1650 2070 om-

205 2109 273 2133 nes
289 2096 461 2134 homines
477 2098 541 2148 qui
561 2098 755 2135 literarum
770 2112 983 2148 graecarum
1003 2098 1131 2135 studio
1148 2098 1402 2140 delectantur,
1417 2095 1652 2133 Demosthe-

204 2171 292 2196 nem
313 2171 335 2195 a
348 2158 542 2196 Gulielmo
560 2159 737 2203 Morelio,
754 2159 997 2210 typographo
1018 2159 1136 2209 regio,
1153 2158 1233 2195 viro
1253 2157 1473 2208 experiente
1493 2170 1540 2194 ac
1555 2163 1652 2194 stre·

203 2232 290 2264 nuo,
309 2226 361 2264 et,
383 2232 613 2269 quamquam
632 2233 708 2257 non
728 2220 934 2257 admodum
956 2221 1161 2270 locuplete,
1182 2219 1329 2269 magnis
1349 2226 1478 2256 tamen
1499 2225 1537 2255 et
1557 2217 1652 2254 mul—

201 2280 248 2317 tis
269 2280 359 2318 artis
378 2280 671 2331 typographicae
690 2280 935 2318 facultatibus
961 2287 1075 2331 atque
1101 2280 1329 2329 adjumentis
1361 2286 1503 2324 ornato,
1531 2291 1650 2316 annos

202 2342 340 2380 abhinc
360 2342 510 2380 circiter
531 2342 749 2388 duodecim,
780 2343 1015 2393 temporibus
1044 2342 1266 2393 reipublicae
1300 2341 1413 2379 etiam
1442 2348 1521 2379 tum
1547 2348 1650 2377 tran-

201 2400 327 2453 quillis
346 2410 385 2441 et
403 2403 561 2453 pacatis,
583 2410 751 2454 coeptum
779 2417 862 2441 esse
892 2403 1053 2442 excudi:
1084 2403 1153 2441 sed
1181 2410 1338 2453 propter
1367 2410 1491 2440 motus
1520 2400 1649 2439 civiles

202 2471 281 2501 tum
309 2464 471 2515 primum
491 2466 528 2501 in
547 2465 675 2502 Gallia
693 2465 915 2516 ingruentes
945 2472 1057 2515 atque
1075 2465 1255 2509 orientes,
1276 2472 1315 2502 et
1332 2471 1500 2514 tempora
1522 2463 1651 2500 turbu·

202 2525 307 2563 lenta
326 2538 371 2563 ac
389 2526 647 2572 formidolosa,
670 2540 754 2564 esse
774 2526 1049 2563 intermissum:
1080 2526 1172 2576 quid
1192 2533 1273 2563 erat
1299 2526 1422 2563 minus
1452 2524 1649 2568 credibile,

205 2599 319 2637 quam
339 2594 491 2637 propter
504 2601 596 2638 quas
617 2601 752 2626 causas
774 2601 869 2638 opus
890 2594 967 2625 tam
981 2587 1219 2638 praeclarum,
1240 2595 1317 2625 tam
1338 2587 1550 2638 plausibile,
1571 2593 1650 2623 tam

201 2648 392 2686 vendibile
420 2648 598 2699 denique,
625 2649 761 2686 fuisset
780 2649 829 2686 de
858 2649 1029 2686 manibus
1060 2649 1239 2699 positum,
1272 2662 1466 2699 annosque
1500 2648 1653 2685 circiter

203 2709 339 2746 decem
364 2709 550 2759 jacuisset
580 2710 815 2755 inchoatum,
835 2709 967 2747 iisdem
989 2710 1112 2748 causis
1142 2710 1394 2754 manentibus,
1417 2716 1530 2759 atque
1553 2709 1648 2744 adeo

201 2770 323 2808 auctis
343 2784 389 2808 ac
410 2771 678 2821 multiplicatis,
698 2772 745 2809 ab
765 2771 932 2816 homine,
952 2770 981 2808 si
1011 2784 1086 2808 non
1106 2771 1229 2808 minus
1259 2772 1308 2808 ad
1328 2778 1472 2808 tantam
1493 2782 1571 2806 rem
1591 2768 1647 2804 fa·

203 2832 374 2870 ciendam
396 2833 548 2878 idone0‚
565 2841 602 2870 at
623 2840 727 2870 certe
746 2833 985 2883 paucioribus
1006 2833 1233 2883 adjumentis
1253 2832 1302 2870 ad
1323 2845 1404 2869 eam
1427 2829 1647 2867 necessariis

203 2892 399 2940 instructo,
429 2894 625 2945 minusque
654 2894 879 2935 exercitato,
900 2894 949 2931 de
974 2894 1124 2942 integro
1154 2894 1189 2929 in
1222 2906 1355 2930 manus
1385 2893 1491 2936 sumi,
1523 2904 1566 2927 ao
1587 2903 1645 2926 re-
