1824 3171
194 123 321 161 cxxxii
501 123 573 161 10.
604 91 857 162 TAYLORI
888 122 1327 163 PROLEGOMENA

196 225 390 263 Plutarch.
413 225 520 264 Suid.
560 226 659 264 Inde
687 239 803 265 causa
830 226 1021 278 Leptinea
1049 226 1179 265 habita
1200 226 1241 264 in
1269 225 1430 277 gratiam
1459 224 1644 276 Ctesippi.

197 286 295 324 Eam
316 286 434 324 duxit.
466 287 572 325 Suid.
617 287 708 325 Non
735 301 832 333 eam,
861 287 930 325 sed
960 287 1126 325 Samiam
1155 288 1346 339 quandam
1376 300 1424 325 ex
1443 286 1646 324 Demetrio

196 348 403 398 Magnesio
423 348 461 386 in
484 349 729 400 Synonymis.
762 349 861 386 Plin.
892 348 1009 386 Binos
1029 349 1170 387 liberos
1198 362 1248 387 ex
1269 349 1430 388 honesta
1454 355 1647 394 matrona,

198 410 401 448 Heliodori
420 410 618 457 cujusdam
637 410 727 455 filia,
748 409 932 460 suscepit,
954 416 992 448 et
1013 416 1098 461 post
1116 423 1158 448 se
1177 410 1342 461 reliquit.
1373 410 1493 448 Wolf.
1538 409 1646 447 Uxor

197 470 472 508 Demosthenis
485 483 526 509 se
540 470 720 509 Cnosioni
737 470 888 508 cuidam
905 472 1154 522 stuprandam
1170 471 1330 522 praebuit
1345 471 1486 509 Athen.
1501 485 1539 522 p.
1552 474 1645 510 539.

199 531 372 568 AEschin.
392 547 431 568 π.
451 546 614 582 ‘trapam-9.
649 531 770 569 Paulo
791 531 903 569 aliter
924 532 1090 571 Tzetzes
1111 533 1275 570 Chiliad.

251 592 406 642 Olymp.
427 591 577 630 CVIII.
601 595 635 630 1.
666 599 729 630 aet.
751 592 870 630 Dem.
893 596 956 632 34.
988 593 1135 631 Praetor
1156 593 1395 643 Theophilus
1417 595 1529 641 juxta
1549 593 1647 630 Dio-

196 666 278 702 nys.
296 653 405 690 Plato
418 653 524 698 obiit,
547 653 745 704 Philippus
766 653 977 704 Olynthum
1000 653 1115 704 cepit.
1138 653 1298 704 D10nys.
1321 654 1449 691 Halic.
1469 661 1509 691 et
1523 653 1649 690 diruit.

199 714 394 751 Plutarch.
415 714 464 750 dc
485 713 653 750 discrim.
671 714 773 751 adul.
791 721 830 750 et
849 714 974 750 amici.

251 773 397 812 CVIII.
416 775 454 811 2.
482 779 545 810 aet.
566 773 680 810 Dem.
705 775 769 812 35.
789 779 930 822 praetor
950 773 1243 812 Themistocles.
1276 773 1459 820 συνθῆκαι
1479 775 1650 826 Φιλίππῳ

197 834 290 885 πρὸς
306 833 536 880 Ἀθηναίους
550 835 726 881 ἐγένοντο
741 835 820 884 περὶ
836 835 964 884 φιλίας
980 836 1037 871 καὶ
1055 836 1287 887 συμμαχίας.
1305 837 1329 875 'i'
1340 848 1460 883 years.
1483 835 1649 886 Dionys.

199 897 249 933 ad
272 897 402 932 Amm.
434 894 635 943 Philippica
654 893 703 931 V.
724 897 748 930 ἂ
768 895 838 945 μὲν
857 896 960 944 ἡμεῖς
980 917 1032 923 -—
1048 898 1129 945 περὶ
1148 899 1214 940 τῆς
1234 899 1402 946 φυλακῆς
1422 902 1493 933 τῶν
1523 913 1652 942 νησιω-

198 964 269 994 τῶν
288 958 347 992 καὶ
367 958 442 992 τῶν
460 955 500 992 ἐν
513 955 783 1006 Ἑλλησπόντῳ
802 956 958 993 πόλεων.
993 955 1111 993 Dion.
1134 956 1419 995 Demosthenes
1440 957 1488 994 ad
1507 957 1653 1008 Philip-

198 1031 291 1069 pum
324 1017 462 1054 iterum
491 1016 657 1067 legatus.
706 1017 843 1055 Coram
882 1016 1059 1069 Philippo
1091 1018 1294 1056 obmutuit.
1335 1018 1470 1057 AEsch.
1503 1018 1654 1057 Gellius

200 1084 238 1126 s,
259 1083 297 1117 8.

255 1140 400 1179 CVIII.
423 1143 460 1178 3.
482 1146 545 1177 aet.
566 1139 682 1178 Dem.
703 1143 768 1180 36.
784 1148 928 1193 praetor
949 1140 1113 1180 Archias
1133 1144 1246 1191 juxta
1266 1141 1431 1193 Dionys.
1450 1142 1655 1190 Philippica

201 1208 315 1246 sexta,
336 1201 415 1239 sive
434 1203 515 1251 περὶ
527 1203 680 1252 εἰρήνης.

256 1264 415 1315 Olymp.
437 1263 543 1301 CIX.
574 1266 609 1301 1.
638 1270 705 1301 aet.
737 1262 854 1301 Dem.
883 1267 947 1303 38.
976 1271 1116 1315 praetor
1144 1263 1348 1316 Lyciscus.
1386 1264 1586 1313 Philippica
1605 1277 1656 1300 se-

202 1327 331 1375 ptima,
354 1325 470 1364 hodie
490 1324 676 1381 secunda.
696 1323 800 1370 ὅταν,
821 1321 848 1362 ὦ
868 1326 1010 1377 ἄνδρες.

259 1385 367 1424 CIX.
386 1388 424 1424 2.
444 1392 508 1422 aet.
530 1385 646 1423 Dem.
669 1388 733 1424 39.
763 1385 964 1434 Philippica
977 1392 1117 1432 octava,
1133 1399 1200 1424 seu
1217 1386 1265 1424 de
1287 1386 1501 1432 Haloneso,
1519 1385 1654 1424 ordine

204 1448 361 1497 vulgato
380 1446 558 1498 septima.
579 1453 619 1483 et
638 1447 719 1496 περὶ
736 1445 1053 1497 παραπρεσβείας.

260 1508 368 1546 CIX.
390 1512 429 1547 3.
461 1507 666 1556 Philippica
693 1520 799 1554 nona,
831 1520 898 1546 seu
928 1509 977 1546 de
1008 1508 1303 1547 Cherrhoneso:
1343 1508 1429 1554 ἔδει,
1457 1506 1485 1546 ὦ
1513 1507 1656 1560 ἄνδρες.

208 1569 408 1618 Philippica
428 1570 574 1614 decima,
594 1569 711 1619 vulgo
731 1582 855 1607 nona:
877 1572 1043 1616 πολλῶν,
1065 1567 1093 1607 ὦ
1109 1569 1250 1621 ἄνδρες.

262 1631 367 1669 CIX.
386 1634 426 1669 4.
456 1631 657 1680 Philippica
674 1631 869 1677 undecima,
891 1631 1006 1682 vulgo
1027 1639 1186 1682 quarta:
1209 1634 1268 1669 καὶ
1290 1632 1488 1670 σπουδαῖα.

264 1692 422 1743 Olymp.
440 1691 526 1730 CX.
550 1695 586 1729 1.
616 1691 819 1741 Philippica
834 1694 1050 1738 duodecima,
1066 1694 1182 1744 vulgo
1201 1694 1252 1732 ad
1266 1694 1429 1745 Philippi
1444 1693 1657 1745 epistolam.

209 1753 326 1792 finitae
346 1752 509 1791 induciae
523 1758 671 1803 septem
691 1765 889 1800 annorum,
906 1754 1084 1805 Philippo
1099 1762 1139 1792 et
1153 1754 1457 1794 Atheniensibus
1470 1768 1510 1793 se
1525 1762 1660 1793 mutuo

210 1815 491 1853 accusantibus,
549 1813 623 1852 See
641 1813 897 1854 Philochorus
913 1816 1017 1866 apud
1036 1816 1200 1868 Dionys.
1218 1815 1417 1867 Philippus
1437 1815 1661 1854 Perinthum

212 1876 376 1916 obsidet.
397 1884 550 1916 caetera.

266 1938 352 1975 CX.
371 1941 410 1976 2.
440 1938 502 1976 Ad
520 1939 664 1977 bellum
681 1939 876 1976 festinant.
906 1939 1104 1988 Philippus
1123 1939 1173 1975 ad
1194 1938 1385 1976 Elateam.
1408 1944 1560 1977 caetera.

266 1999 357 2038 CX.
375 2003 413 2038 3.
444 2000 583 2050 Pugna
601 2001 652 2038 ad
667 2000 932 2037 Chaeroneam.
951 2000 1072 2051 prima
1091 2000 1153 2037 die
1174 1999 1479 2050 Metagitnionis.
1502 2001 1604 2038 Plut.
1626 2000 1663 2038 in

214 2060 388 2099 Camillo.
418 2060 637 2099 Dinarchus
658 2074 713 2098 or.
734 2061 783 2098 de
805 2061 967 2112 Harpal.
987 2061 1039 2099 ait
1058 2074 1144 2099 eum
1165 2074 1252 2099 cum
1271 2063 1294 2102 7
1316 2061 1470 2099 talentis
1489 2074 1540 2100 ex
1566 2063 1662 2101 urbe

214 2121 442 2172 profugisse,
473 2135 562 2160 cum
588 2121 757 2160 audisset
778 2121 1000 2173 Philippum
1027 2122 1068 2159 in
1089 2122 1260 2160 Atticam
1280 2130 1494 2160 venturum.
1550 2123 1595 2159 In
1616 2136 1664 2161 ea

214 2196 343 2233 pugna
362 2183 477 2222 Dem.
508 2185 659 2232 abjecto
685 2190 795 2220 scuto
824 2182 939 2234 fugit.
962 2184 1079 2222 Diod.
1111 2184 1190 2221 Sic.
1219 2183 1416 2221 Plutarch.
1445 2183 1485 2220 in
1506 2183 1597 2221 Vita
1625 2191 1665 2222 et

214 2244 500 2296 Apophthegm.
513 2243 665 2283 Lacon.
684 2245 883 2282 Aristotel.
901 2245 955 2282 II.
973 2246 1134 2284 Rhetor.
1151 2246 1291 2284 Horat.
1309 2246 1371 2284 od.
1389 2246 1404 2282 Ι
1411 2246 1442 2282 Ι.
1456 2249 1494 2284 8.
1514 2246 1664 2286 Schott.

214 2306 267 2343 ad
286 2306 424 2344 Senec.
447 2307 565 2344 Rhet.
596 2306 739 2344 Alciat.
760 2306 798 2343 in
817 2306 975 2358 Parerg.
993 2307 1129 2345 AEsch.
1150 2320 1182 2345 c.
1205 2307 1378 2359 Ctesiph.
1406 2307 1595 2346 Dinarch.
1615 2308 1666 2347 de

217 2380 306 2417 pec.
323 2368 485 2419 Harpal.
506 2368 622 2407 Dem.
643 2367 682 2405 in
702 2368 934 2407 ChersoneS.
974 2368 1087 2420 Ἀνὴρ
1108 2370 1126 2405 ὁ
1143 2369 1288 2420 φεύγων
1303 2370 1362 2406 καὶ
1376 2368 1492 2406 πάλιν
1506 2372 1670 2420 μαχήσε-

216 2444 289 2465 ται.
319 2428 470 2467 Gellius
488 2432 549 2471 17.
568 2432 632 2468 21.
653 2429 757 2466 Plut.
775 2429 964 2468 Marcian.
981 2429 1141 2481 Capella
1159 2433 1198 2470 5.
1220 2430 1269 2467 de
1289 2429 1342 2467 N.
1362 2430 1434 2467 Ph.
1464 2430 1666 2468 Tertullia-

216 2502 290 2527 nus
319 2490 368 2528 de
395 2490 490 2542 fuga
517 2491 557 2527 in
582 2490 862 2542 persecutione.
893 2491 1083 2542 Clypeum
1112 2491 1354 2542 inscripserat
1380 2490 1529 2539 Ἀγαὲῇ
1559 2492 1666 2543 τύχῃ.

216 2550 322 2590 Plut.
344 2551 458 2590 Phot.
503 2552 602 2590 Cum
634 2565 656 2590 a
683 2559 795 2602 tergo
814 2552 934 2590 hostis
962 2553 1132 2598 instaret,
1162 2560 1202 2590 et
1222 2552 1394 2603 chlamys
1421 2552 1518 2590 rubo
1536 2552 1667 2590 adhae-

218 2611 341 2656 sisset,
365 2625 476 2662 paene
505 2613 612 2651 vivus
640 2620 773 2665 captus
803 2620 871 2651 est.
901 2614 988 2665 capi
1016 2614 1117 2652 enirn
1145 2615 1325 2660 malebat,
1354 2627 1468 2665 quam
1493 2614 1669 2663 interfici,

218 2672 486 2723 clamabatque
505 2674 648 2723 ζώγρει.
704 2674 751 2711 In
770 2674 930 2712 adversa
947 2676 1022 2712 ista
1040 2676 1195 2713 fortuna
1213 2675 1416 2714 adversarii
1433 2676 1559 2714 dicam
1577 2678 1669 2715 scri·

219 2733 375 2771 bebant.
406 2734 566 2772 absolvit
592 2735 693 2773 omni
724 2736 941 2786 suspicione
968 2737 1132 2788 populus
1153 2745 1193 2775 et
1212 2745 1432 2775 constanter
1453 2738 1489 2774 in
1520 2738 1666 2777 honore

219 2795 365 2833 habuit.
396 2795 592 2834 Schottus.
613 2795 727 2833 Dem.
758 2810 828 2847 pro
850 2798 1012 2835 Corona.
1062 2799 1174 2836 Tunc
1204 2799 1364 2837 decreta
1391 2800 1668 2849 quamplurima

221 2869 271 2894 cx
290 2857 394 2898 SCto
413 2857 578 2908 scripsit,
599 2856 734 2908 quibus
748 2858 952 2896 amicorum
974 2860 1139 2906 nomina,
1160 2861 1349 2899 fortunam
1371 2874 1477 2898 suam
1499 2861 1665 2900 detesta-
