1824 3171
571 159 651 197 AD
682 154 1147 197 DEMOSTHENEM.
1433 155 1590 196 cxxxvii

127 263 273 302 athenis
306 261 540 301 orationibus
574 275 644 313 pro
679 261 914 299 Phormione
944 271 983 299 et
1016 261 1052 299 in
1087 260 1340 312 Stephanum.
1401 261 1479 299 Sed
1500 275 1588 299 vere

126 325 333 363 credidisse
354 324 501 375 Thysio
530 323 735 362 somnianti
753 322 980 374 Taylorum,
1009 331 1120 374 paret
1150 336 1200 360 ex
1229 321 1370 359 additis
1400 322 1436 359 in
1468 323 1590 360 conti-

125 385 259 432 nente]
316 387 376 424 Ita
396 386 684 424 Demosthenes
712 392 824 436 pater
853 398 1014 422 uxorem
1035 385 1150 422 etiam
1170 390 1407 421 testamento
1435 384 1590 434 reliquit

125 448 172 485 T.
193 448 323 485 Titulo
343 448 514 486 Pueritia
534 454 572 485 et
588 446 877 485 Adolescentia.
900 445 1008 497 [quid
1028 447 1098 484 sibi
1118 446 1211 483 velit
1231 446 1278 483 T.
1299 458 1377 482 non
1397 445 1589 495 intelligo.

121 508 190 546 nisi
212 516 271 547 est
289 509 436 558 Ταιυῖον.
493 509 643 547 Debuit
664 508 834 560 Aphobo
855 507 1058 555 scribere]

176 569 333 622 Olymp.
352 571 520 609 CXXV.
541 575 576 609 1.
600 570 749 621 Gorgia
767 578 933 621 praetore
954 572 1005 622 (q.
1029 583 1129 608 anno
1152 570 1298 609 CXIV.
1319 573 1356 608 4.
1377 569 1439 606 vel
1461 568 1587 607 CXV.

123 630 175 677 1.)
206 631 251 669 P.
270 633 321 670 A.
342 640 508 670 statuam
537 646 685 671 aeneam
706 632 879 670 decrevit
905 640 946 670 et
964 632 1110 670 victum
1130 632 1287 670 familiae
1314 632 1353 669 in
1374 632 1587 682 Prytaneo,

119 702 282 745 rogante
303 696 568 742 Demochare,
597 695 738 733 sororis
768 694 862 734 filio.
908 695 1012 733 Plut.
1035 695 1089 733 X.
1111 701 1206 733 orat.
1256 693 1348 731 Basi
1374 701 1510 731 statuae
1532 693 1587 729 in-

120 757 306 809 scriptum
335 759 410 796 hoc
440 759 690 810 epigramma.
745 759 861 810 Ε’ίπερ
890 759 979 804 ἰ’σην
1009 758 1139 812 γνώμῃ
1171 758 1313 810 ῥώμην,
1334 755 1588 806 Δημόσὲειές,

117 818 230 872 εἶχες,
250 820 433 858 Οὗόέποὲ’
464 822 635 865 ἑλλήνων
655 820 758 872 ἧρξεν
775 820 899 870 ”Apim
918 820 1114 866 Μακεδὼν,
1137 821 1185 858 ab
1212 820 1297 870 ipso
1319 819 1587 856 Demosthene

117 884 390 936 conscriptum,
423 892 524 923 teste
544 885 749 923 Demetrio
781 884 985 922 Phalereo.
1034 884 1138 923 Plut.
1171 884 1279 923 Suid.
1307 884 1346 921 in
1369 883 1587 933 Antipatro.

118 946 216 996 [Hic
241 948 462 997 subjecerat
483 947 641 998 Taylor,
662 960 776 998 quam
806 946 984 984 omittere
1016 946 1109 983 mihi
1135 946 1266 991 liceto,
1297 952 1415 983 totam
1438 945 1587 982 Demo-

118 1007 243 1047 charis
275 1009 516 1059 rogationem
551 1022 573 1047 e
600 1008 813 1047 Plutarcho
847 1008 1152 1059 transscriptam.
1222 1007 1285 1045 Ne
1319 1007 1412 1058 quid
1442 1013 1586 1051 tamen,

116 1070 289 1119 quamvis
309 1078 442 1119 tenue,
460 1077 596 1121 pereat
615 1070 864 1121 reliquiarum
884 1069 1055 1120 Taylori,
1078 1069 1295 1107 adscribam
1317 1068 1411 1107 duas
1432 1069 1515 1118 ejus
1536 1067 1587 1105 ad

115 1129 191 1167 hoc
212 1139 501 1169 monumentum
520 1130 869 1169 annotatiunculas.
930 1130 968 1178 l)
986 1130 1036 1167 ad
1052 1143 1088 1167 v.
1105 1129 1350 1172 Λευκονοεύς.
1384 1129 1586 1166 Excusum

116 1190 365 1237 Λευκονὲεὒς,
387 1192 513 1230 saltim
542 1193 582 1229 in
610 1191 840 1243 quibusdam
872 1190 1162 1241 exemplaribus
1197 1190 1323 1228 editis.
1383 1190 1462 1227 Sed
1491 1188 1586 1226 scri-

114 1253 286 1290 bendum
317 1261 375 1291 est
405 1257 633 1296 λευκονοεύς.
700 1252 764 1290 Sic
791 1252 838 1290 T.
875 1252 930 1304 [id
957 1259 1017 1289 est
1040 1249 1201 1302 Taylor]
1235 1252 1272 1289 in
1301 1252 1353 1290 D.
1383 1252 1442 1290 bis
1472 1251 1584 1289 infra.

116 1314 254 1352 Suidas
273 1332 283 1352 ι
303 1322 394 1353 ante
413 1332 473 1358 ευς
493 1314 640 1352 inserit.
699 1312 842 1351 Scribit
871 1313 972 1350 enim
993 1311 1217 1356 Λευκονιεῦς
1247 1313 1365 1365 δῆμος
1391 1323 1457 1359 τῆς
1478 1316 1587 1352 λεον-

113 1376 227 1419 τῖδος.
247 1378 280 1414 οἱ
300 1379 480 1415 λευκόνοι.
553 1376 594 1425 2)
615 1375 666 1413 ad
695 1374 761 1412 illa
794 1374 915 1412 verba
943 1374 1063 1411 πλείω
1098 1376 1352 1412 πεντακοσίων
1386 1378 1584 1414 ταλάντων

114 1439 371 1490 adscripserat
400 1439 497 1476 haec.
519 1439 638 1478 πλείω
659 1439 748 1489 φησὶ
766 1435 954 1475 τάλαντον
971 1436 1099 1474 codex
1122 1436 1256 1475 Petav.
1288 1444 1372 1475 erat
1404 1437 1584 1476 nimirum

114 1501 156 1553 ,φ’
175 1501 251 1539 hoc
272 1508 403 1552 pacto,
425 1500 466 1537 id
487 1507 548 1538 est
567 1503 659 1539 500.
678 1498 784 1550 quod.
810 1497 937 1536 scriba
962 1497 1122 1549 arripuit
1142 1512 1212 1549 pro
1233 1503 1335 1551 φησί.
1395 1500 1440 1537 In
1470 1500 1580 1538 calce

113 1562 353 1601 monumenti
382 1562 643 1614 adscripserat
662 1575 697 1599 v.
714 1573 801 1612 quae
822 1559 966 1598 Ruald.
989 1559 1226 1612 Stephanus,
1247 1560 1387 1600 Amiot.
1411 1561 1582 1601 Casaub.

114 1624 206 1663 MS.
223 1632 301 1663 etc.

142 1701 144 1703 ’
166 1690 229 1730 17.
259 1688 537 1727 Demosthenis
553 1686 670 1735 Vitia,
691 1700 842 1727 amores
863 1695 937 1726 etc.
976 1688 1142 1727 Laidem
1172 1687 1327 1727 amavit.
1371 1688 1518 1727 Athen.
1539 1700 1579 1740 p.

108 1753 201 1790 588.
231 1750 384 1789 Gellius
405 1764 455 1789 ex
481 1751 639 1790 Sotione
664 1754 699 1790 1.
715 1754 754 1790 8.
774 1750 918 1802 legitur
935 1751 1127 1789 Phocione.
1149 1751 1207 1789 Io.
1231 1751 1420 1789 Sarisber.
1465 1751 1581 1789 Tanti

110 1813 372 1865 poenitentiam
389 1826 467 1851 non
484 1827 582 1852 emo.
599 1828 635 1852 v.
651 1813 772 1852 Gron.
787 1813 836 1851 de
851 1813 1018 1851 monetis
1037 1821 1226 1852 veterum.
1248 1815 1310 1851 οὐκ
1328 1817 1494 1864 ὠνοῦμαι
1514 1831 1583 1865 μυ-

110 1877 199 1927 ρίων
231 1875 411 1929 δραχμῶν
440 1878 702 1929 μεταμέλειαν.
750 1876 932 1914 Macrob.
960 1875 1014 1914 ῙῙ.
1047 1876 1199 1914 Saturn.
1233 1893 1295 1928 σχ.
1331 1875 1581 1927 Aristophan.

111 1938 226 1975 Pluto
246 1951 297 1976 ex
314 1938 513 1977 Phocione
533 1939 790 1991 peripatetico
813 1942 903 1978 149.
926 1939 1075 1977 Athen.
1096 1939 1122 1978 l.
1142 1943 1205 1978 13.
1224 1953 1263 1990 p.
1278 1952 1326 1976 m.
1351 1942 1444 1979 291.
1475 1939 1580 1977 Lais.

110 1999 179 2036 viri
202 1999 314 2045 ‘docti
344 2000 394 2038 ad
423 2000 690 2039 Xenocratem
719 2000 881 2038 Laertii.
931 2001 1095 2039 Carrion
1124 2001 1263 2052 Antiq.
1292 2000 1405 2039 Lect.
1436 2001 1492 2038 II.
1516 2003 1579 2039 12.

113 2061 229 2098 Polit.
251 2061 301 2098 ad
329 2075 367 2112 p.
388 2065 480 2100 611.
529 2061 706 2100 Eustath.
736 2062 800 2100 ed.
828 2062 933 2100 Flor.
1004 2062 1224 2113 Stephanus
1255 2063 1379 2100 Poeta
1410 2062 1579 2100 comicus

109 2123 277 2171 (Fabric.
299 2123 424 2161 Catal.
447 2123 593 2161 Comic.
612 2123 664 2171 N,
686 2123 742 2176 [id
763 2129 821 2160 est
842 2122 943 2162 Nos]
965 2123 1015 2161 ad
1033 2123 1165 2162 Neaer.
1186 2137 1210 2162 a
1224 2125 1494 2163 Demosthene
1524 2125 1579 2162 ci-

109 2184 226 2222 vitate
246 2184 423 2222 donatus.
481 2186 635 2223 Auctor
664 2197 877 2235 anonymus
906 2185 1017 2236 praef.
1038 2185 1088 2223 ad
1109 2186 1426 2237 Aristophanem.
1484 2186 1577 2224 Lais

109 2254 226 2298 capta
253 2246 293 2284 in
323 2246 573 2298 expeditione
596 2246 729 2284 Sicula
746 2246 905 2298 Olymp.
929 2247 1043 2285 XCI.
1078 2247 1209 2285 Λαΐδα
1240 2251 1307 2294 τὴν
1340 2249 1493 2300 ἑταίραν
1524 2248 1578 2286 ἔτι

108 2311 216 2359 κόρην
237 2310 277 2347 ἐν
295 2315 371 2352 τοῖς
399 2309 659 2363 αἰχμαλώτοις
684 2307 894 2359 πραθεῖσαν
925 2312 977 2351 εἷς
1005 2308 1305 2355 Πελοπόννησον
1334 2309 1576 2360 κομισθῆναι.

111 2371 215 2409 Plut.
237 2371 276 2407 in
296 2370 424 2409 Nicia.
470 2371 563 2409 Lais
584 2374 666 2421 κόρη
687 2371 713 2408 f.
733 2373 795 2410 15.
826 2383 1015 2408 annorum
1037 2370 1194 2422 Olymp.
1216 2371 1324 2410 XCI.
1345 2374 1383 2410 2.
1415 2384 1508 2422 ergo
1529 2372 1576 2409 ad

110 2434 269 2486 Olymp.
288 2434 434 2472 XCIX.
451 2437 488 2472 3.
511 2447 588 2484 quo
607 2440 718 2471 natus
738 2432 810 2470 fuit
826 2433 1132 2478 Demosthenes,
1155 2434 1243 2471 anni
1265 2437 1330 2473 33.
1354 2436 1401 2472 15
1425 2433 1448 2470 †
1471 2436 1572 2471 33:

109 2500 175 2535 48.
225 2496 514 2534 Demosthenes
531 2509 650 2534 annos
671 2501 783 2533 natus
803 2497 864 2534 15.
885 2501 966 2532 tum
990 2498 1038 2534 15
1051 2499 1380 2539 ÷33÷15163.
1430 2494 1521 2532 Lais
1538 2502 1577 2532 et

110 2559 221 2596 Nais.
259 2558 462 2609 Aristoph.
484 2558 587 2595 Plut.
610 2557 754 2595 Athen.
775 2557 869 2594 Lais
898 2557 1003 2603 ἀξίνη
1032 2557 1239 2604 ἐπίκλησις.
1290 2557 1429 2595 AElian.
1450 2557 1497 2595 V.
1520 2557 1575 2594 H.

110 2620 218 2658 XIV.
239 2622 304 2658 35.
321 2626 359 2657 et
383 2619 486 2658 alibi.
544 2618 701 2657 Prolem
730 2631 779 2656 ex
807 2617 1011 2656 meretrice
1032 2618 1217 2670 suscepit,
1245 2618 1394 2656 Athen.
1423 2632 1462 2669 p.
1483 2622 1577 2657 592.

109 2689 366 2732 sumptuosus,
388 2682 530 2720 Athen.
547 2695 586 2732 p.
600 2684 692 2720 593.
712 2680 852 2718 vestitu
873 2678 1009 2725 nitido,
1032 2679 1136 2718 Gell.
1156 2680 1186 2718 Ι.
1200 2684 1239 2719 5.
1288 2680 1574 2727 Adolescentes

110 2746 147 2783 in
166 2759 295 2784 amore
314 2746 461 2792 habuit,
484 2745 628 2783 Athen.
650 2745 716 2782 ubi
738 2744 786 2782 T.
812 2744 913 2781 inter
934 2757 1029 2795 quos
1051 2744 1259 2791 Cnosiona,
1280 2757 1369 2782 cum
1390 2756 1466 2795 quo
1484 2757 1574 2781 con-

109 2807 242 2844 cubuit
262 2808 539 2846 Demosthenis
573 2820 680 2852 uxor,
703 2806 845 2844 Athen.
866 2806 890 2843 1.
913 2819 947 2844 c.
977 2807 1087 2857 plura
1113 2806 1161 2844 de
1190 2810 1271 2855 ejus
1301 2806 1590 2856 intemperanti?

112 2869 287 2917 libidine,
309 2870 454 2908 Athen.
483 2870 510 2907 l.
533 2883 568 2907 c.
613 2869 670 2906 Os
703 2868 908 2919 pollutum,
933 2867 1037 2906 Gell.
1061 2871 1094 2906 1.
1118 2871 1156 2907 5.
1189 2869 1302 2905 Dem.
1332 2868 1369 2903 in
1389 2868 1575 2918 καπηλείῳ

112 2930 228 2978 Diog.
259 2929 393 2969 Laert.
414 2932 450 2968 in
471 2931 652 2981 Diogene
671 2930 835 2981 Cynico.
851 2929 994 2968 AElian.
1016 2930 1064 2969 V.
1088 2930 1143 2969 H.
1167 2930 1237 2967 IX.
1262 2933 1322 2968 19.
1356 2928 1456 2967 Plut.
1480 2941 1573 2979 quo-

168 3004 261 3030 VOL.
292 3004 320 3033 1.
898 3005 914 3028 s
