1824 3171
518 199 728 239 REISKII
760 197 933 236 PRAEF.
964 196 1041 233 AD
1074 195 1212 233 DEM.
1513 195 1587 233 cxli

138 324 162 350 a
183 310 343 349 Schotto
363 314 402 344 et
422 304 502 343 aliis
524 310 718 354 occupata
738 309 778 340 et
797 301 834 338 in
854 299 989 351 vulgus
1008 304 1101 336 nota
1120 302 1220 341 sunt,
1240 296 1310 334 nisi
1328 297 1487 335 voculas
1512 310 1589 334 me·

138 373 295 411 tuissem
316 367 604 410 malevolorum,
627 365 691 415 qui
710 364 759 402 de
778 363 856 401 fide
875 375 963 400 mea
981 360 1142 397 fuissent
1164 357 1383 402 dubitaturi,
1406 358 1436 395 si
1459 359 1550 408 quid
1568 371 1590 395 a

140 432 306 482 Tayloro
336 428 548 479 profectum
580 426 779 470 celassem,
810 432 928 475 atque
960 420 1173 464 clamaturi,
1194 432 1254 456 nie
1287 419 1591 469 Tayloranorum

138 493 281 544 optima
299 502 461 540 quaeque
482 487 752 539 suppressisse,
774 493 840 523 aut
859 484 951 522 mihi
970 494 1186 532 arrogasse.
1228 480 1316 531 Ego
1338 480 1526 531 profecto,
1541 481 1595 517 ita

141 552 287 591 medius
307 551 430 594 fidius,
452 549 483 587 si
502 549 760 600 praevidissem
776 548 813 584 in
827 545 981 585 schedis
1003 543 1158 595 Taylori
1180 555 1242 580 me
1257 554 1333 579 non
1351 542 1597 579 inventurum

141 627 226 652 esse
247 612 406 650 meliora
424 612 480 655 iis,
502 624 589 662 quae
608 610 749 654 inveni,
768 621 961 659 nunquam
977 619 1132 657 operam
1149 604 1354 650 dedissem,
1370 611 1413 641 ut
1432 617 1496 641 eas
1516 603 1598 640 adi-

139 676 335 727 piscerer;
376 681 415 711 et
444 673 496 710 sic
525 673 651 710 locum
681 684 833 709 omnem
863 668 1066 708 calumniae
1094 674 1211 717 atque
1240 665 1446 717 suspicioni
1467 665 1598 702 exclu-

139 737 286 775 sissem.
333 736 410 773 Sed
430 734 595 772 fideliter
614 734 732 772 verbo
748 740 860 771 tenus
880 730 1045 775 reddidi,
1064 742 1150 780 quae
1170 728 1311 773 inveni,
1326 728 1363 764 in
1378 740 1454 777 quo
1468 733 1595 771 erunt,

140 798 206 850 qui
227 796 510 849 superstitionis
539 809 600 834 me
627 803 743 845 atque
772 793 966 832 vecordiae
992 798 1140 829 notent.
1199 789 1305 831 Quid
1334 801 1504 839 agerem,
1532 787 1598 825 ubi

142 873 281 898 cavere
301 873 377 896 non
397 871 563 909 possem,
585 857 786 908 quominus
806 856 845 892 in
866 855 1029 892 alterum
1050 851 1249 904 scopulum
1269 852 1448 888 humanae
1467 849 1602 899 iniqui-

142 921 232 959 tatis
263 921 540 972 impingerem;
573 919 690 956 malui
719 931 886 956 excessu
916 914 1112 966 religionis
1141 926 1317 965 peccare,
1348 925 1463 963 quam
1493 924 1598 949 com-

142 982 306 1030 mittere,
328 990 370 1021 ut
389 982 566 1021 Manium
588 980 743 1033 Taylori
766 985 983 1018 contemtor
1012 985 1129 1029 atque
1148 976 1311 1015 violator
1328 974 1491 1013 viderer.

542 1176 887 1226 ANTONIO
926 1173 1213 1230 ASKEW,

484 1295 690 1329 MEDICO
728 1295 796 1329 ET
830 1293 1043 1328 CRITICO
1079 1291 1269 1333 mmor,

789 1404 822 1431 S.
852 1405 889 1429 P.
920 1404 965 1430 D.

642 1497 718 1535 10.
747 1497 853 1535 IAC.
882 1495 1108 1534 REISKE.

202 1610 550 1648 DEMOSTHENEM
591 1608 660 1646 tibi
698 1622 841 1654 meum,
873 1608 1046 1654 Askewi‚
1087 1608 1155 1645 Vir
1186 1607 1423 1653 Clarissime,
1454 1620 1522 1646 cur
1551 1607 1606 1644 in-

148 1665 328 1716 scribam,
350 1684 498 1709 caussae
517 1670 607 1707 mihi
629 1678 731 1715 sunt,
760 1670 798 1707 id
823 1671 929 1721 quod
955 1678 994 1708 te
1023 1683 1100 1707 non
1118 1670 1229 1720 fugit,
1249 1670 1510 1721 publicaeque,
1532 1669 1610 1720 pri-

148 1739 338 1783 vataeque.
371 1734 468 1774 Quae
483 1745 552 1769 nos
570 1732 776 1770 intercedit
795 1732 886 1770 satis
898 1739 1050 1770 vetusta
1062 1731 1321 1779 necessitudo,
1341 1731 1612 1770 L‘eidae‘Anno

96 1800 114 1816 ⁸
153 1796 256 1835 1745
277 1794 470 1839 inchoata,
497 1807 589 1831 cum
611 1794 858 1845 aliquamdiu,
880 1807 948 1845 per
967 1793 1158 1839 locorum,
1179 1793 1318 1844 quibus
1343 1793 1613 1844 disjungimur,

151 1856 367 1901 intervalla,
397 1856 721 1907 negotiorumque
749 1855 1112 1901 dissimilitudinem,
1139 1855 1460 1907 interquievisset,
1489 1866 1614 1906 nuper

151 1933 239 1957 eam
258 1919 426 1969 benigna
444 1926 512 1956 tua
531 1925 571 1956 et
590 1918 770 1970 imprimis
788 1918 955 1956 liberalis
973 1917 1175 1969 promissio
1195 1918 1245 1956 de
1264 1918 1418 1956 schedis
1439 1917 1612 1969 Taylori‚

154 1980 412 2019 Demostheni
427 1980 674 2026 consecratis,
692 1994 779 2032 quae
796 1981 836 2018 in
850 1987 1046 2032 potestate
1060 1986 1127 2018 tua
1143 1988 1245 2026 sunt,
1260 1980 1309 2018 ad
1326 1993 1387 2018 me
1402 1979 1614 2024 mittendis,

152 2042 363 2080 renovavit.
416 2044 517 2084 Quae
537 2043 734 2093 promissio
754 2056 860 2094 spem
881 2043 929 2080 de
946 2049 985 2080 te
1003 2054 1141 2086 meam,
1164 2049 1207 2079 ut
1225 2055 1302 2080 non
1319 2041 1513 2093 superavit
1532 2054 1615 2078 mo-

157 2104 223 2148 do,
246 2104 316 2142 sed
338 2103 451 2141 etiam
473 2104 697 2151 antevertit,
720 2105 772 2142 ita
791 2104 883 2142 nihil
902 2111 1055 2155 poterat
1075 2116 1122 2141 ea
1140 2103 1232 2140 mihi
1251 2117 1378 2154 neque
1391 2103 1617 2152 jucundius,

156 2179 284 2216 neque
300 2165 616 2203 honorificentius
633 2166 828 2212 accidere,
843 2179 930 2204 cum
944 2179 990 2204 ea
1009 2166 1057 2203 sit
1073 2166 1231 2217 Taylori
1243 2166 1472 2204 schedarum
1491 2172 1618 2203 aucto-

157 2228 247 2266 ritas
272 2235 388 2279 atque
406 2227 642 2278 praestantia,
665 2236 708 2266 ut
731 2228 762 2265 si
792 2241 858 2266 eas
881 2227 975 2265 nihil
1004 2227 1108 2265 aliud
1137 2240 1252 2279 quam
1273 2227 1445 2273 edidero,
1468 2226 1617 2265 tametsi

156 2290 262 2328 nulla
290 2290 338 2327 de
367 2302 454 2327 meo
483 2289 695 2328 domestico
723 2303 825 2340 penu
851 2297 987 2328 auctas
1017 2290 1254 2335 accessione,
1274 2289 1336 2327 vel
1364 2289 1457 2326 solae
1486 2295 1618 2326 tamen

157 2352 235 2390 sint
255 2365 379 2390 meam
400 2352 790 2390 Demosthenicarum
809 2352 1054 2403 reliquiarum
1079 2351 1302 2396 editionem,
1324 2364 1403 2389 non
1429 2358 1619 2389 ornaturae

159 2414 291 2464 mod0‚
311 2426 437 2464 neque
463 2413 803 2460 commendaturae,
830 2414 900 2452 sed
920 2414 1033 2464 plane
1061 2413 1176 2451 etiam
1201 2413 1462 2451 necessariam
1490 2412 1619 2450 reddi-

157 2483 267 2513 turae.
325 2475 377 2512 Et
410 2481 461 2520 te,
496 2475 667 2522 Askewi,
700 2483 849 2514 tanturn
880 2475 1016 2522 virum,
1043 2483 1211 2527 quantus
1245 2475 1282 2512 in
1315 2489 1399 2527 rep.
1432 2475 1621 2513 litteraria

160 2537 304 2575 meritis
322 2537 397 2575 tuis
423 2537 598 2588 cognitus
619 2551 673 2584 es,
696 2538 792 2576 tanti
818 2551 881 2576 me
907 2538 1052 2584 facere,
1073 2544 1115 2575 ut
1133 2538 1380 2589 provinciam,
1403 2551 1517 2589 quam
1538 2537 1621 2589 ipse

161 2607 246 2638 tute
266 2600 306 2636 in
326 2606 365 2637 te
385 2600 596 2650 suscepisse
624 2613 745 2651 nuper
766 2613 789 2638 a
806 2600 911 2638 fama
933 2600 1134 2646 ferebaris,
1154 2600 1191 2637 in
1209 2613 1272 2637 me
1292 2600 1532 2645 transferres,
1553 2599 1623 2636 mi-

160 2661 276 2712 hique
295 2661 458 2699 schedas
479 2661 674 2713 reciperes
695 2661 942 2708 crediturum,
973 2662 1071 2700 tanti
1096 2661 1307 2709 faciendas,
1335 2675 1469 2713 ecquae
1487 2665 1623 2713 praeJu-

164 2722 253 2760 dicii
281 2722 472 2773 gravitas!
511 2736 624 2773 quam
654 2723 867 2774 splendida,
898 2723 929 2761 si
954 2736 1074 2761 vanus
1102 2723 1185 2769 sim,
1208 2724 1406 2772 Jactantiae
1437 2723 1623 2764 materia!

164 2785 292 2826 Quam
311 2784 360 2822 de
380 2791 448 2822 tuo
474 2797 568 2835 erga
595 2798 657 2823 me
683 2785 811 2823 animo
839 2785 1119 2823 dubitationem
1148 2784 1288 2822 silentii
1311 2785 1367 2823 tui
1395 2784 1623 2822 diuturnitas

165 2845 365 2895 injecerat,
381 2859 465 2884 eam
481 2846 588 2885 istaec
604 2854 679 2884 tuae
692 2847 897 2885 voluntatis
911 2847 1027 2885 veluti
1042 2847 1167 2885 subito
1182 2860 1434 2898 prorumpens
1450 2846 1626 2896 quaedam

166 2919 260 2944 aura
277 2906 436 2956 disiecit.
465 2908 571 2946 Vere
588 2915 629 2946 tu
649 2909 776 2947 adhuc
797 2923 837 2947 es
858 2916 968 2947 vetus
989 2908 1065 2955 ille,
1086 2909 1149 2960 qui
1170 2908 1307 2946 Leidae
1327 2922 1422 2954 eras,
1442 2915 1569 2946 certus
1586 2914 1626 2945 et

166 2966 315 3007 calidus
329 2968 488 3008 amicus.
546 2971 581 3008 Ο
602 2970 633 3009 si
652 2970 778 3010 fatalis
797 2971 929 3011 nescio
948 2971 1014 3023 qui
1034 2984 1156 3019 casm,
1178 2985 1201 3010 o
1221 2971 1252 3010 si
1271 2971 1338 3009 fati
1359 2970 1433 3008 mei
1453 2969 1628 3021 maligni-
