<?xml version="1.0" encoding="UTF-8"?>
<!DOCTYPE html PUBLIC "-//W3C//DTD XHTML 1.0 Transitional//EN"
    "http://www.w3.org/TR/xhtml1/DTD/xhtml1-transitional.dtd">
<html xmlns="http://www.w3.org/1999/xhtml" xml:lang="en" lang="en">
 <head>
  <title>
</title>
<meta http-equiv="Content-Type" content="text/html;charset=utf-8" />
  <meta name='ocr-system' content='tesseract 3.04.00' />
  <meta name='ocr-capabilities' content='ocr_page ocr_carea ocr_par ocr_line ocrx_word'/>
</head>
<body>
  <div class='ocr_page' id='page_1' title='image "./oratoresatticie05dobs_0146.png"; bbox 0 0 1824 3171; ppageno 0'>
   <div class='ocr_carea' id='block_1_1' title="bbox 179 127 1292 173">
    <p class='ocr_par' dir='ltr' id='par_1_1' title="bbox 179 127 1292 173">
     <span class='ocr_line' id='line_1_1' title="bbox 179 127 1292 173; baseline -0.007 0"><span class='ocrx_word' id='word_1_1' title='bbox 179 132 349 173; x_wconf 83' lang='lat' dir='ltr'>cxxxviii</span> <span class='ocrx_word' id='word_1_2' title='bbox 472 131 546 169; x_wconf 91' lang='lat'>10.</span> <span class='ocrx_word' id='word_1_3' title='bbox 576 131 824 170; x_wconf 76' lang='lat' dir='ltr'>TAYLORI</span> <span class='ocrx_word' id='word_1_4' title='bbox 858 127 1292 168; x_wconf 81' lang='lat' dir='ltr'><strong>PROLEGOMENA</strong></span> 
     </span>
    </p>
   </div>
   <div class='ocr_carea' id='block_1_2' title="bbox 181 223 1670 2929">
    <p class='ocr_par' dir='ltr' id='par_1_2' title="bbox 181 223 1655 1317">
     <span class='ocr_line' id='line_1_2' title="bbox 182 223 1636 286; baseline -0.009 -12"><span class='ocrx_word' id='word_1_5' title='bbox 182 236 298 274; x_wconf 85' lang='lat' dir='ltr'>modo</span> <span class='ocrx_word' id='word_1_6' title='bbox 319 235 402 286; x_wconf 86' lang='lat' dir='ltr'>quis</span> <span class='ocrx_word' id='word_1_7' title='bbox 423 242 497 273; x_wconf 87' lang='lat' dir='ltr'>etc.</span> <span class='ocrx_word' id='word_1_8' title='bbox 529 235 722 277; x_wconf 78' lang='grc' dir='ltr'>Βάτταλος</span> <span class='ocrx_word' id='word_1_9' title='bbox 751 235 955 279; x_wconf 75' lang='grc' dir='ltr'>ἐπίκλησις.</span> <span class='ocrx_word' id='word_1_10' title='bbox 1015 232 1177 270; x_wconf 76' lang='lat' dir='ltr'>Infamia</span> <span class='ocrx_word' id='word_1_11' title='bbox 1204 231 1252 269; x_wconf 89' lang='lat' dir='ltr'>de</span> <span class='ocrx_word' id='word_1_12' title='bbox 1281 227 1462 267; x_wconf 88' lang='lat' dir='ltr'>Moscho.</span> <span class='ocrx_word' id='word_1_13' title='bbox 1502 223 1636 262; x_wconf 89' lang='lat' dir='ltr'>Eubu-</span> 
     </span>
     <span class='ocr_line' id='line_1_3' title="bbox 181 285 1638 348; baseline -0.007 -14"><span class='ocrx_word' id='word_1_14' title='bbox 181 298 252 335; x_wconf 88' lang='lat' dir='ltr'><strong>lus.</strong></span> <span class='ocrx_word' id='word_1_15' title='bbox 285 296 547 335; x_wconf 79' lang='lat' dir='ltr'>Aristarchus.</span> <span class='ocrx_word' id='word_1_16' title='bbox 591 296 800 348; x_wconf 84' lang='lat' dir='ltr'>Biographi</span> <span class='ocrx_word' id='word_1_17' title='bbox 831 295 907 334; x_wconf 89' lang='lat' dir='ltr'>duo</span> <span class='ocrx_word' id='word_1_18' title='bbox 943 295 1034 333; x_wconf 89' lang='lat' dir='ltr'>MS.</span> <span class='ocrx_word' id='word_1_19' title='bbox 1071 293 1254 332; x_wconf 88' lang='lat' dir='ltr'>Biblioth.</span> <span class='ocrx_word' id='word_1_20' title='bbox 1294 291 1417 329; x_wconf 80' lang='lat' dir='ltr'>Paris.</span> <span class='ocrx_word' id='word_1_21' title='bbox 1475 286 1558 326; x_wconf 90' lang='lat' dir='ltr'>Nos</span> <span class='ocrx_word' id='word_1_22' title='bbox 1586 285 1638 325; x_wconf 84' lang='lat' dir='ltr'>ad</span> 
     </span>
     <span class='ocr_line' id='line_1_4' title="bbox 183 349 1636 409; baseline -0.008 -13"><span class='ocrx_word' id='word_1_23' title='bbox 183 359 408 396; x_wconf 84' lang='lat' dir='ltr'>Midianam.</span> <span class='ocrx_word' id='word_1_24' title='bbox 431 375 493 409; x_wconf 83' lang='grc' dir='ltr'>σχ.</span> <span class='ocrx_word' id='word_1_25' title='bbox 514 358 564 395; x_wconf 89' lang='lat' dir='ltr'>ad</span> <span class='ocrx_word' id='word_1_26' title='bbox 586 358 712 394; x_wconf 86' lang='lat' dir='ltr'>AEsch.</span> <span class='ocrx_word' id='word_1_27' title='bbox 733 374 772 395; x_wconf 90' lang='grc' dir='ltr'>π.</span> <span class='ocrx_word' id='word_1_28' title='bbox 799 372 963 407; x_wconf 82' lang='grc' dir='ltr'>παραπρ.</span> <span class='ocrx_word' id='word_1_29' title='bbox 994 357 1030 405; x_wconf 84' lang='lat'>§.</span> <span class='ocrx_word' id='word_1_30' title='bbox 1052 358 1114 393; x_wconf 80' lang='lat'>46.</span> <span class='ocrx_word' id='word_1_31' title='bbox 1147 354 1207 392; x_wconf 89' lang='lat' dir='ltr'>ed.</span> <span class='ocrx_word' id='word_1_32' title='bbox 1228 352 1381 390; x_wconf 82' lang='lat' dir='ltr'>Broolcc.</span> <span class='ocrx_word' id='word_1_33' title='bbox 1403 367 1465 402; x_wconf 85' lang='grc' dir='ltr'>σχ.</span> <span class='ocrx_word' id='word_1_34' title='bbox 1487 363 1523 386; x_wconf 90' lang='lat' dir='ltr'>n.</span> <span class='ocrx_word' id='word_1_35' title='bbox 1545 349 1636 387; x_wconf 78' lang='lat'><strong>348.</strong></span> 
     </span>
     <span class='ocr_line' id='line_1_5' title="bbox 184 411 1637 469; baseline -0.01 -10"><span class='ocrx_word' id='word_1_36' title='bbox 184 420 245 459; x_wconf 90' lang='lat' dir='ltr'>ed.</span> <span class='ocrx_word' id='word_1_37' title='bbox 265 420 382 458; x_wconf 86' lang='lat' dir='ltr'>Paris.</span> <span class='ocrx_word' id='word_1_38' title='bbox 404 418 696 469; x_wconf 83' lang='lat' dir='ltr'>[Demosthenis</span> <span class='ocrx_word' id='word_1_39' title='bbox 715 420 825 469; x_wconf 90' lang='lat' dir='ltr'>puta]</span> <span class='ocrx_word' id='word_1_40' title='bbox 865 417 972 455; x_wconf 86' lang='lat' dir='ltr'>Suid.</span> <span class='ocrx_word' id='word_1_41' title='bbox 990 415 1124 453; x_wconf 87' lang='lat' dir='ltr'>AEseh.</span> <span class='ocrx_word' id='word_1_42' title='bbox 1143 428 1177 453; x_wconf 89' lang='lat' dir='ltr'>c.</span> <span class='ocrx_word' id='word_1_43' title='bbox 1196 413 1392 452; x_wconf 86' lang='lat' dir='ltr'>Timarch.</span> <span class='ocrx_word' id='word_1_44' title='bbox 1410 411 1551 449; x_wconf 85' lang='lat' dir='ltr'><strong>Athen.</strong></span> <span class='ocrx_word' id='word_1_45' title='bbox 1574 424 1637 459; x_wconf 82' lang='grc' dir='ltr'>σχ.</span> 
     </span>
     <span class='ocr_line' id='line_1_6' title="bbox 186 472 1637 531; baseline -0.009 -12"><span class='ocrx_word' id='word_1_46' title='bbox 186 481 376 531; x_wconf 74' lang='lat' dir='ltr'>Hei-mog.</span> <span class='ocrx_word' id='word_1_47' title='bbox 397 493 435 530; x_wconf 90' lang='lat' dir='ltr'>p.</span> <span class='ocrx_word' id='word_1_48' title='bbox 459 483 548 519; x_wconf 85' lang='lat'><strong>190.</strong></span> <span class='ocrx_word' id='word_1_49' title='bbox 605 479 820 517; x_wconf 88' lang='lat' dir='ltr'>Midianam</span> <span class='ocrx_word' id='word_1_50' title='bbox 852 485 892 515; x_wconf 88' lang='lat' dir='ltr'>et</span> <span class='ocrx_word' id='word_1_51' title='bbox 921 494 984 529; x_wconf 84' lang='grc' dir='ltr'>σχ.</span> <span class='ocrx_word' id='word_1_52' title='bbox 1031 477 1161 515; x_wconf 88' lang='lat' dir='ltr'>Vales.</span> <span class='ocrx_word' id='word_1_53' title='bbox 1197 474 1246 513; x_wconf 89' lang='lat' dir='ltr'>ad</span> <span class='ocrx_word' id='word_1_54' title='bbox 1277 475 1470 525; x_wconf 88' lang='lat' dir='ltr'>Harpocr.</span> <span class='ocrx_word' id='word_1_55' title='bbox 1503 485 1542 522; x_wconf 90' lang='lat' dir='ltr'>p.</span> <span class='ocrx_word' id='word_1_56' title='bbox 1573 472 1637 508; x_wconf 90' lang='lat'>80.</span> 
     </span>
     <span class='ocr_line' id='line_1_7' title="bbox 187 531 1641 593; baseline -0.008 -14"><span class='ocrx_word' id='word_1_57' title='bbox 187 541 338 580; x_wconf 85' lang='lat' dir='ltr'>Schott.</span> <span class='ocrx_word' id='word_1_58' title='bbox 369 540 419 578; x_wconf 84' lang='lat' dir='ltr'>ad</span> <span class='ocrx_word' id='word_1_59' title='bbox 439 540 597 593; x_wconf 86' lang='lat' dir='ltr'>Olymp.</span> <span class='ocrx_word' id='word_1_60' title='bbox 615 540 743 579; x_wconf 91' lang='lat' dir='ltr'><strong>CXII.</strong></span> <span class='ocrx_word' id='word_1_61' title='bbox 766 543 804 578; x_wconf 95' lang='lat'>3.</span> <span class='ocrx_word' id='word_1_62' title='bbox 862 538 1000 589; x_wconf 90' lang='lat' dir='ltr'>Populi</span> <span class='ocrx_word' id='word_1_63' title='bbox 1020 537 1196 588; x_wconf 87' lang='lat' dir='ltr'>plausum</span> <span class='ocrx_word' id='word_1_64' title='bbox 1224 535 1394 575; x_wconf 88' lang='lat' dir='ltr'>ambivit.</span> <span class='ocrx_word' id='word_1_65' title='bbox 1424 534 1499 571; x_wconf 86' lang='lat' dir='ltr'>AEl.</span> <span class='ocrx_word' id='word_1_66' title='bbox 1520 532 1567 570; x_wconf 93' lang='lat' dir='ltr'>V.</span> <span class='ocrx_word' id='word_1_67' title='bbox 1585 531 1641 568; x_wconf 90' lang='lat' dir='ltr'>H.</span> 
     </span>
     <span class='ocr_line' id='line_1_8' title="bbox 187 595 1642 650; baseline -0.007 -10"><span class='ocrx_word' id='word_1_68' title='bbox 187 602 260 640; x_wconf 86' lang='lat' dir='ltr'>IX.</span> <span class='ocrx_word' id='word_1_69' title='bbox 285 605 346 643; x_wconf 89' lang='lat'>17.</span> <span class='ocrx_word' id='word_1_70' title='bbox 391 601 475 640; x_wconf 85' lang='lat' dir='ltr'>Cic.</span> <span class='ocrx_word' id='word_1_71' title='bbox 497 602 616 640; x_wconf 88' lang='lat' dir='ltr'>Tusc.</span> <span class='ocrx_word' id='word_1_72' title='bbox 639 601 687 639; x_wconf 94' lang='lat' dir='ltr'>V.</span> <span class='ocrx_word' id='word_1_73' title='bbox 717 601 850 638; x_wconf 86' lang='lat' dir='ltr'>Laert.</span> <span class='ocrx_word' id='word_1_74' title='bbox 879 600 919 637; x_wconf 90' lang='lat' dir='ltr'>in</span> <span class='ocrx_word' id='word_1_75' title='bbox 950 600 1066 650; x_wconf 90' lang='lat' dir='ltr'>Diog.</span> <span class='ocrx_word' id='word_1_76' title='bbox 1102 599 1201 650; x_wconf 88' lang='lat' dir='ltr'>Cyn.</span> <span class='ocrx_word' id='word_1_77' title='bbox 1235 599 1261 635; x_wconf 89' lang='lat' dir='ltr'>l.</span> <span class='ocrx_word' id='word_1_78' title='bbox 1282 602 1321 637; x_wconf 89' lang='lat'>6.</span> <span class='ocrx_word' id='word_1_79' title='bbox 1351 595 1457 639; x_wconf 77' lang='grc' dir='ltr'><em>οὗτος</em></span> <span class='ocrx_word' id='word_1_80' title='bbox 1491 596 1642 636; x_wconf 80' lang='grc' dir='ltr'>ἐκεῖνος.</span> 
     </span>
     <span class='ocr_line' id='line_1_9' title="bbox 187 654 1645 714; baseline -0.008 -12"><span class='ocrx_word' id='word_1_81' title='bbox 187 664 363 702; x_wconf 88' lang='lat' dir='ltr'>Nannius</span> <span class='ocrx_word' id='word_1_82' title='bbox 383 663 487 714; x_wconf 86' lang='lat' dir='ltr'>apud</span> <span class='ocrx_word' id='word_1_83' title='bbox 514 663 659 701; x_wconf 78' lang='lat' dir='ltr'>Gruter</span> <span class='ocrx_word' id='word_1_84' title='bbox 680 662 728 700; x_wconf 89' lang='lat' dir='ltr'>V.</span> <span class='ocrx_word' id='word_1_85' title='bbox 749 662 780 699; x_wconf 93' lang='lat' dir='ltr'>I.</span> <span class='ocrx_word' id='word_1_86' title='bbox 809 675 846 712; x_wconf 88' lang='lat' dir='ltr'>p.</span> <span class='ocrx_word' id='word_1_87' title='bbox 878 665 994 700; x_wconf 84' lang='lat'><strong>1333.</strong></span> <span class='ocrx_word' id='word_1_88' title='bbox 1028 665 1144 700; x_wconf 77' lang='lat'><strong>1334.</strong></span> <span class='ocrx_word' id='word_1_89' title='bbox 1176 660 1225 698; x_wconf 97' lang='lat' dir='ltr'>L.</span> <span class='ocrx_word' id='word_1_90' title='bbox 1247 657 1440 711; x_wconf 80' lang='lat' dir='ltr'>Gyraldus</span> <span class='ocrx_word' id='word_1_91' title='bbox 1462 656 1509 694; x_wconf 91' lang='lat' dir='ltr'>T.</span> <span class='ocrx_word' id='word_1_92' title='bbox 1531 654 1586 692; x_wconf 92' lang='grc' dir='ltr'>ΙΙ.</span> <span class='ocrx_word' id='word_1_93' title='bbox 1606 667 1645 705; x_wconf 90' lang='lat' dir='ltr'><strong>p.</strong></span> 
     </span>
     <span class='ocr_line' id='line_1_10' title="bbox 187 719 1646 774; baseline -0.008 -9"><span class='ocrx_word' id='word_1_94' title='bbox 187 728 278 767; x_wconf 88' lang='lat'><strong>377.</strong></span> <span class='ocrx_word' id='word_1_95' title='bbox 328 726 470 764; x_wconf 86' lang='lat' dir='ltr'><strong>Horat.</strong></span> <span class='ocrx_word' id='word_1_96' title='bbox 498 725 537 763; x_wconf 91' lang='lat' dir='ltr'>in</span> <span class='ocrx_word' id='word_1_97' title='bbox 567 725 664 762; x_wconf 86' lang='lat' dir='ltr'>Odis</span> <span class='ocrx_word' id='word_1_98' title='bbox 693 724 743 762; x_wconf 86' lang='lat' dir='ltr'>ad</span> <span class='ocrx_word' id='word_1_99' title='bbox 772 723 930 761; x_wconf 85' lang='lat' dir='ltr'>Musam</span> <span class='ocrx_word' id='word_1_100' title='bbox 961 723 1250 774; x_wconf 89' lang='lat' dir='ltr'>Melpomenam</span> <span class='ocrx_word' id='word_1_101' title='bbox 1281 721 1346 759; x_wconf 89' lang='lat' dir='ltr'>ait.</span> <span class='ocrx_word' id='word_1_102' title='bbox 1387 719 1531 757; x_wconf 90' lang='lat' dir='ltr'>Totum</span> <span class='ocrx_word' id='word_1_103' title='bbox 1563 728 1646 754; x_wconf 88' lang='lat' dir='ltr'>mu-</span> 
     </span>
     <span class='ocr_line' id='line_1_11' title="bbox 187 779 1646 837; baseline -0.007 -12"><span class='ocrx_word' id='word_1_104' title='bbox 187 787 289 826; x_wconf 89' lang='lat' dir='ltr'>neris</span> <span class='ocrx_word' id='word_1_105' title='bbox 309 787 383 825; x_wconf 90' lang='lat' dir='ltr'>hoc</span> <span class='ocrx_word' id='word_1_106' title='bbox 404 787 458 825; x_wconf 91' lang='lat' dir='ltr'>tui</span> <span class='ocrx_word' id='word_1_107' title='bbox 480 794 551 832; x_wconf 87' lang='lat' dir='ltr'>est,</span> <span class='ocrx_word' id='word_1_108' title='bbox 575 785 676 837; x_wconf 87' lang='lat' dir='ltr'>quod</span> <span class='ocrx_word' id='word_1_109' title='bbox 705 792 894 823; x_wconf 90' lang='lat' dir='ltr'>monstror</span> <span class='ocrx_word' id='word_1_110' title='bbox 925 784 1045 835; x_wconf 87' lang='lat' dir='ltr'>digito</span> <span class='ocrx_word' id='word_1_111' title='bbox 1076 782 1403 835; x_wconf 70' lang='lat' dir='ltr'>praetereuntium.</span> <span class='ocrx_word' id='word_1_112' title='bbox 1460 779 1646 817; x_wconf 87' lang='lat' dir='ltr'>Tractum</span> 
     </span>
     <span class='ocr_line' id='line_1_12' title="bbox 187 841 1648 898; baseline -0.008 -11"><span class='ocrx_word' id='word_1_113' title='bbox 187 857 247 887; x_wconf 90' lang='lat' dir='ltr'>est</span> <span class='ocrx_word' id='word_1_114' title='bbox 267 861 290 886; x_wconf 91' lang='lat' dir='ltr'>a</span> <span class='ocrx_word' id='word_1_115' title='bbox 311 848 589 893; x_wconf 86' lang='lat' dir='ltr'>Demosthene,</span> <span class='ocrx_word' id='word_1_116' title='bbox 612 847 688 898; x_wconf 85' lang='lat' dir='ltr'>qui,</span> <span class='ocrx_word' id='word_1_117' title='bbox 710 852 821 898; x_wconf 88' lang='lat' dir='ltr'>prout</span> <span class='ocrx_word' id='word_1_118' title='bbox 849 846 969 884; x_wconf 87' lang='lat' dir='ltr'>refert</span> <span class='ocrx_word' id='word_1_119' title='bbox 999 845 1244 889; x_wconf 80' lang='lat' dir='ltr'>Plutarchus,</span> <span class='ocrx_word' id='word_1_120' title='bbox 1276 844 1376 882; x_wconf 89' lang='lat' dir='ltr'>adeo</span> <span class='ocrx_word' id='word_1_121' title='bbox 1406 841 1559 893; x_wconf 87' lang='lat' dir='ltr'>gavisus</span> <span class='ocrx_word' id='word_1_122' title='bbox 1588 845 1648 877; x_wconf 88' lang='lat' dir='ltr'>est</span> 
     </span>
     <span class='ocr_line' id='line_1_13' title="bbox 187 900 1647 960; baseline -0.007 -13"><span class='ocrx_word' id='word_1_123' title='bbox 187 911 321 948; x_wconf 85' lang='lat' dir='ltr'>lanista</span> <span class='ocrx_word' id='word_1_124' title='bbox 355 910 435 960; x_wconf 87' lang='lat' dir='ltr'>[alii</span> <span class='ocrx_word' id='word_1_125' title='bbox 471 905 726 953; x_wconf 86' lang='lat' dir='ltr'>mercenario]</span> <span class='ocrx_word' id='word_1_126' title='bbox 759 907 881 957; x_wconf 86' lang='lat' dir='ltr'>digito</span> <span class='ocrx_word' id='word_1_127' title='bbox 915 907 1147 944; x_wconf 87' lang='lat' dir='ltr'>ostendente</span> <span class='ocrx_word' id='word_1_128' title='bbox 1186 905 1301 944; x_wconf 91' lang='lat' dir='ltr'>sociis</span> <span class='ocrx_word' id='word_1_129' title='bbox 1338 904 1430 948; x_wconf 88' lang='lat' dir='ltr'>suis,</span> <span class='ocrx_word' id='word_1_130' title='bbox 1465 900 1647 939; x_wconf 87' lang='lat' dir='ltr'>dicendo.</span> 
     </span>
     <span class='ocr_line' id='line_1_14' title="bbox 190 960 1651 1018; baseline -0.006 -10"><span class='ocrx_word' id='word_1_131' title='bbox 190 971 269 1009; x_wconf 91' lang='lat' dir='ltr'>Hic</span> <span class='ocrx_word' id='word_1_132' title='bbox 291 978 349 1008; x_wconf 89' lang='lat' dir='ltr'>est</span> <span class='ocrx_word' id='word_1_133' title='bbox 368 971 432 1008; x_wconf 88' lang='lat' dir='ltr'>ille</span> <span class='ocrx_word' id='word_1_134' title='bbox 454 969 737 1008; x_wconf 87' lang='lat' dir='ltr'>Demosthenes</span> <span class='ocrx_word' id='word_1_135' title='bbox 766 981 941 1018; x_wconf 84' lang='lat' dir='ltr'>magnus.</span> <span class='ocrx_word' id='word_1_136' title='bbox 974 967 1107 1007; x_wconf 90' lang='lat' dir='ltr'>Schol.</span> <span class='ocrx_word' id='word_1_137' title='bbox 1137 967 1187 1006; x_wconf 85' lang='lat' dir='ltr'>ad</span> <span class='ocrx_word' id='word_1_138' title='bbox 1209 965 1383 1004; x_wconf 87' lang='lat' dir='ltr'>Persium</span> <span class='ocrx_word' id='word_1_139' title='bbox 1401 964 1428 1003; x_wconf 94' lang='lat' dir='ltr'>l.</span> <span class='ocrx_word' id='word_1_140' title='bbox 1444 966 1510 1003; x_wconf 95' lang='lat'>28.</span> <span class='ocrx_word' id='word_1_141' title='bbox 1530 975 1581 1000; x_wconf 88' lang='lat' dir='ltr'>ex</span> <span class='ocrx_word' id='word_1_142' title='bbox 1602 960 1651 999; x_wconf 90' lang='lat' dir='ltr'>cl.</span> 
     </span>
     <span class='ocr_line' id='line_1_15' title="bbox 192 1021 1653 1080; baseline -0.007 -10"><span class='ocrx_word' id='word_1_143' title='bbox 192 1032 344 1070; x_wconf 77' lang='lat' dir='ltr'>wassei</span> <span class='ocrx_word' id='word_1_144' title='bbox 365 1031 465 1069; x_wconf 88' lang='lat' dir='ltr'>Bibl.</span> <span class='ocrx_word' id='word_1_145' title='bbox 496 1031 663 1069; x_wconf 85' lang='lat' dir='ltr'>Literar.</span> <span class='ocrx_word' id='word_1_146' title='bbox 694 1031 773 1075; x_wconf 90' lang='lat' dir='ltr'>An,</span> <span class='ocrx_word' id='word_1_147' title='bbox 800 1029 831 1072; x_wconf 86' lang='lat' dir='ltr'>si</span> <span class='ocrx_word' id='word_1_148' title='bbox 860 1029 1146 1068; x_wconf 88' lang='lat' dir='ltr'>Demosthenes</span> <span class='ocrx_word' id='word_1_149' title='bbox 1168 1030 1254 1080; x_wconf 90' lang='lat' dir='ltr'>jure</span> <span class='ocrx_word' id='word_1_150' title='bbox 1274 1029 1428 1065; x_wconf 81' lang='lat' dir='ltr'>laetatus</span> <span class='ocrx_word' id='word_1_151' title='bbox 1456 1031 1526 1070; x_wconf 90' lang='lat' dir='ltr'>est,</span> <span class='ocrx_word' id='word_1_152' title='bbox 1546 1021 1653 1074; x_wconf 89' lang='lat' dir='ltr'>quod</span> 
     </span>
     <span class='ocr_line' id='line_1_16' title="bbox 185 1084 1655 1142; baseline -0.006 -11"><span class='ocrx_word' id='word_1_153' title='bbox 185 1094 293 1131; x_wconf 89' lang='lat' dir='ltr'>illum</span> <span class='ocrx_word' id='word_1_154' title='bbox 315 1106 411 1131; x_wconf 87' lang='lat' dir='ltr'>anus</span> <span class='ocrx_word' id='word_1_155' title='bbox 432 1092 548 1131; x_wconf 88' lang='lat' dir='ltr'>attica</span> <span class='ocrx_word' id='word_1_156' title='bbox 567 1093 621 1130; x_wconf 89' lang='lat' dir='ltr'>ita</span> <span class='ocrx_word' id='word_1_157' title='bbox 641 1091 931 1136; x_wconf 83' lang='lat' dir='ltr'>demonstravit,</span> <span class='ocrx_word' id='word_1_158' title='bbox 952 1089 1057 1134; x_wconf 76' lang='grc' dir='ltr'><em>οὗτός</em></span> <span class='ocrx_word' id='word_1_159' title='bbox 1077 1092 1157 1130; x_wconf 76' lang='grc' dir='ltr'>ἐστι</span> <span class='ocrx_word' id='word_1_160' title='bbox 1172 1088 1430 1142; x_wconf 65' lang='grc' dir='ltr'>Δημοσθένης,</span> <span class='ocrx_word' id='word_1_161' title='bbox 1453 1099 1528 1137; x_wconf 86' lang='lat' dir='ltr'>ego</span> <span class='ocrx_word' id='word_1_162' title='bbox 1551 1084 1655 1123; x_wconf 89' lang='lat' dir='ltr'>cele-</span> 
     </span>
     <span class='ocr_line' id='line_1_17' title="bbox 188 1146 1653 1203; baseline -0.008 -10"><span class='ocrx_word' id='word_1_163' title='bbox 188 1154 330 1193; x_wconf 85' lang='lat' dir='ltr'>britate</span> <span class='ocrx_word' id='word_1_164' title='bbox 357 1154 432 1191; x_wconf 91' lang='lat' dir='ltr'>mei</span> <span class='ocrx_word' id='word_1_165' title='bbox 452 1153 614 1192; x_wconf 86' lang='lat' dir='ltr'>nominis</span> <span class='ocrx_word' id='word_1_166' title='bbox 635 1153 806 1203; x_wconf 88' lang='lat' dir='ltr'>gaudere</span> <span class='ocrx_word' id='word_1_167' title='bbox 826 1165 904 1189; x_wconf 88' lang='lat' dir='ltr'>non</span> <span class='ocrx_word' id='word_1_168' title='bbox 924 1151 1077 1190; x_wconf 73' lang='lat' dir='ltr'>debeo?</span> <span class='ocrx_word' id='word_1_169' title='bbox 1121 1151 1219 1189; x_wconf 92' lang='lat' dir='ltr'>Plin.</span> <span class='ocrx_word' id='word_1_170' title='bbox 1237 1150 1310 1188; x_wconf 93' lang='lat' dir='ltr'>IX.</span> <span class='ocrx_word' id='word_1_171' title='bbox 1341 1150 1414 1200; x_wconf 90' lang='lat' dir='ltr'><strong>Ep.</strong></span> <span class='ocrx_word' id='word_1_172' title='bbox 1430 1151 1495 1187; x_wconf 89' lang='lat'>23.</span> <span class='ocrx_word' id='word_1_173' title='bbox 1553 1146 1653 1184; x_wconf 88' lang='lat' dir='ltr'>Cum</span> 
     </span>
     <span class='ocr_line' id='line_1_18' title="bbox 191 1208 1655 1259; baseline -0.008 -4"><span class='ocrx_word' id='word_1_174' title='bbox 191 1217 306 1255; x_wconf 89' lang='lat' dir='ltr'>Dem.</span> <span class='ocrx_word' id='word_1_175' title='bbox 322 1216 493 1254; x_wconf 88' lang='lat' dir='ltr'>dicturus</span> <span class='ocrx_word' id='word_1_176' title='bbox 514 1222 628 1259; x_wconf 86' lang='lat' dir='ltr'>esset,</span> <span class='ocrx_word' id='word_1_177' title='bbox 650 1227 861 1252; x_wconf 85' lang='lat' dir='ltr'>concursus</span> <span class='ocrx_word' id='word_1_178' title='bbox 879 1213 1063 1251; x_wconf 90' lang='lat' dir='ltr'>audiendi</span> <span class='ocrx_word' id='word_1_179' title='bbox 1084 1225 1202 1251; x_wconf 88' lang='lat' dir='ltr'>causa</span> <span class='ocrx_word' id='word_1_180' title='bbox 1221 1225 1272 1250; x_wconf 87' lang='lat' dir='ltr'>ex</span> <span class='ocrx_word' id='word_1_181' title='bbox 1292 1218 1374 1250; x_wconf 87' lang='lat' dir='ltr'>tota</span> <span class='ocrx_word' id='word_1_182' title='bbox 1387 1208 1546 1249; x_wconf 84' lang='lat' dir='ltr'>Graecia</span> <span class='ocrx_word' id='word_1_183' title='bbox 1564 1213 1655 1245; x_wconf 88' lang='lat' dir='ltr'>sunt</span> 
     </span>
     <span class='ocr_line' id='line_1_19' title="bbox 190 1276 699 1317; baseline -0.006 0"><span class='ocrx_word' id='word_1_184' title='bbox 190 1278 299 1317; x_wconf 87' lang='lat' dir='ltr'>facti.</span> <span class='ocrx_word' id='word_1_185' title='bbox 357 1277 443 1316; x_wconf 89' lang='lat' dir='ltr'>Cic.</span> <span class='ocrx_word' id='word_1_186' title='bbox 460 1277 510 1314; x_wconf 89' lang='lat' dir='ltr'>de</span> <span class='ocrx_word' id='word_1_187' title='bbox 531 1276 624 1314; x_wconf 86' lang='lat' dir='ltr'>clar.</span> <span class='ocrx_word' id='word_1_188' title='bbox 642 1289 699 1314; x_wconf 88' lang='lat' dir='ltr'>or.</span> 
     </span>
    </p>

    <p class='ocr_par' dir='ltr' id='par_1_3' title="bbox 192 1330 1670 2929">
     <span class='ocr_line' id='line_1_20' title="bbox 248 1330 1656 1379; baseline -0.009 0"><span class='ocrx_word' id='word_1_189' title='bbox 248 1343 310 1379; x_wconf 89' lang='grc'>18.</span> <span class='ocrx_word' id='word_1_190' title='bbox 341 1338 628 1377; x_wconf 90' lang='lat' dir='ltr'>Demosthenes</span> <span class='ocrx_word' id='word_1_191' title='bbox 650 1344 689 1375; x_wconf 89' lang='lat' dir='ltr'>et</span> <span class='ocrx_word' id='word_1_192' title='bbox 713 1336 866 1374; x_wconf 90' lang='lat' dir='ltr'>Cicero.</span> <span class='ocrx_word' id='word_1_193' title='bbox 907 1334 1120 1373; x_wconf 88' lang='lat' dir='ltr'>AEmulatio</span> <span class='ocrx_word' id='word_1_194' title='bbox 1140 1342 1289 1373; x_wconf 85' lang='lat' dir='ltr'>naturae</span> <span class='ocrx_word' id='word_1_195' title='bbox 1309 1341 1349 1371; x_wconf 91' lang='lat' dir='ltr'>et</span> <span class='ocrx_word' id='word_1_196' title='bbox 1366 1333 1545 1371; x_wconf 77' lang='lat' dir='ltr'>fortunae.</span> <span class='ocrx_word' id='word_1_197' title='bbox 1603 1330 1656 1367; x_wconf 91' lang='lat' dir='ltr'>Et</span> 
     </span>
     <span class='ocr_line' id='line_1_21' title="bbox 193 1392 1657 1440; baseline -0.006 0"><span class='ocrx_word' id='word_1_198' title='bbox 193 1409 339 1440; x_wconf 85' lang='lat' dir='ltr'>naturae</span> <span class='ocrx_word' id='word_1_199' title='bbox 359 1400 514 1438; x_wconf 89' lang='lat' dir='ltr'>dotibus</span> <span class='ocrx_word' id='word_1_200' title='bbox 540 1406 578 1437; x_wconf 88' lang='lat' dir='ltr'>et</span> <span class='ocrx_word' id='word_1_201' title='bbox 596 1398 760 1436; x_wconf 83' lang='lat' dir='ltr'>fortunae</span> <span class='ocrx_word' id='word_1_202' title='bbox 791 1397 945 1435; x_wconf 82' lang='lat' dir='ltr'>casibus</span> <span class='ocrx_word' id='word_1_203' title='bbox 973 1396 1163 1434; x_wconf 88' lang='lat' dir='ltr'>simillimi.</span> <span class='ocrx_word' id='word_1_204' title='bbox 1204 1395 1374 1433; x_wconf 90' lang='lat' dir='ltr'>Omnino</span> <span class='ocrx_word' id='word_1_205' title='bbox 1393 1394 1544 1432; x_wconf 90' lang='lat' dir='ltr'>Gellius</span> <span class='ocrx_word' id='word_1_206' title='bbox 1565 1392 1657 1431; x_wconf 92' lang='lat' dir='ltr'>XV.</span> 
     </span>
     <span class='ocr_line' id='line_1_22' title="bbox 192 1455 1657 1508; baseline -0.006 -7"><span class='ocrx_word' id='word_1_207' title='bbox 192 1467 258 1502; x_wconf 88' lang='lat'>28.</span> <span class='ocrx_word' id='word_1_208' title='bbox 288 1462 463 1500; x_wconf 84' lang='lat' dir='ltr'>Politicae</span> <span class='ocrx_word' id='word_1_209' title='bbox 482 1459 748 1498; x_wconf 89' lang='lat' dir='ltr'>similitudines</span> <span class='ocrx_word' id='word_1_210' title='bbox 768 1459 873 1496; x_wconf 91' lang='lat' dir='ltr'>Plut.</span> <span class='ocrx_word' id='word_1_211' title='bbox 890 1459 944 1496; x_wconf 90' lang='lat' dir='ltr'><strong>D.</strong></span> <span class='ocrx_word' id='word_1_212' title='bbox 965 1465 1005 1496; x_wconf 88' lang='lat' dir='ltr'>et</span> <span class='ocrx_word' id='word_1_213' title='bbox 1026 1458 1074 1496; x_wconf 91' lang='lat' dir='ltr'>C.</span> <span class='ocrx_word' id='word_1_214' title='bbox 1094 1470 1261 1508; x_wconf 87' lang='lat' dir='ltr'>compar.</span> <span class='ocrx_word' id='word_1_215' title='bbox 1291 1456 1421 1494; x_wconf 87' lang='lat' dir='ltr'>Multa</span> <span class='ocrx_word' id='word_1_216' title='bbox 1439 1455 1479 1493; x_wconf 91' lang='lat' dir='ltr'>in</span> <span class='ocrx_word' id='word_1_217' title='bbox 1493 1461 1657 1505; x_wconf 88' lang='lat' dir='ltr'>utroque</span> 
     </span>
     <span class='ocr_line' id='line_1_23' title="bbox 194 1516 1658 1570; baseline -0.006 -8"><span class='ocrx_word' id='word_1_218' title='bbox 194 1524 344 1570; x_wconf 84' lang='lat' dir='ltr'>similia,</span> <span class='ocrx_word' id='word_1_219' title='bbox 365 1536 452 1561; x_wconf 89' lang='lat' dir='ltr'>cum</span> <span class='ocrx_word' id='word_1_220' title='bbox 471 1523 508 1560; x_wconf 95' lang='lat' dir='ltr'>in</span> <span class='ocrx_word' id='word_1_221' title='bbox 527 1522 604 1560; x_wconf 90' lang='lat' dir='ltr'>vita</span> <span class='ocrx_word' id='word_1_222' title='bbox 628 1528 710 1558; x_wconf 89' lang='lat' dir='ltr'>tum</span> <span class='ocrx_word' id='word_1_223' title='bbox 736 1521 776 1558; x_wconf 92' lang='lat' dir='ltr'>in</span> <span class='ocrx_word' id='word_1_224' title='bbox 797 1519 986 1558; x_wconf 88' lang='lat' dir='ltr'>oratione.</span> <span class='ocrx_word' id='word_1_225' title='bbox 1044 1519 1220 1570; x_wconf 86' lang='lat' dir='ltr'>Uterque</span> <span class='ocrx_word' id='word_1_226' title='bbox 1249 1530 1392 1569; x_wconf 89' lang='lat' dir='ltr'>paucos</span> <span class='ocrx_word' id='word_1_227' title='bbox 1412 1529 1532 1555; x_wconf 89' lang='lat' dir='ltr'>annos</span> <span class='ocrx_word' id='word_1_228' title='bbox 1550 1516 1658 1554; x_wconf 88' lang='lat' dir='ltr'>vixe-</span> 
     </span>
     <span class='ocr_line' id='line_1_24' title="bbox 195 1578 1659 1636; baseline -0.005 -13"><span class='ocrx_word' id='word_1_229' title='bbox 195 1593 301 1636; x_wconf 77' lang='lat' dir='ltr'>runt,</span> <span class='ocrx_word' id='word_1_230' title='bbox 334 1585 473 1623; x_wconf 90' lang='lat' dir='ltr'>eodem</span> <span class='ocrx_word' id='word_1_231' title='bbox 501 1583 624 1621; x_wconf 80' lang='lat' dir='ltr'>aetatis</span> <span class='ocrx_word' id='word_1_232' title='bbox 655 1590 831 1633; x_wconf 88' lang='lat' dir='ltr'>tempore</span> <span class='ocrx_word' id='word_1_233' title='bbox 862 1581 899 1619; x_wconf 92' lang='lat' dir='ltr'>in</span> <span class='ocrx_word' id='word_1_234' title='bbox 926 1582 1052 1619; x_wconf 90' lang='lat' dir='ltr'>forum</span> <span class='ocrx_word' id='word_1_235' title='bbox 1086 1580 1294 1632; x_wconf 84' lang='lat' dir='ltr'>progressi.</span> <span class='ocrx_word' id='word_1_236' title='bbox 1333 1579 1438 1617; x_wconf 91' lang='lat' dir='ltr'>Gell.</span> <span class='ocrx_word' id='word_1_237' title='bbox 1468 1578 1556 1616; x_wconf 93' lang='lat' dir='ltr'>XV.</span> <span class='ocrx_word' id='word_1_238' title='bbox 1593 1580 1659 1616; x_wconf 92' lang='lat'>28.</span> 
     </span>
     <span class='ocr_line' id='line_1_25' title="bbox 198 1641 1662 1698; baseline -0.005 -13"><span class='ocrx_word' id='word_1_239' title='bbox 198 1649 314 1698; x_wconf 90' lang='lat' dir='ltr'>Reip.</span> <span class='ocrx_word' id='word_1_240' title='bbox 339 1659 497 1685; x_wconf 85' lang='lat' dir='ltr'>causam</span> <span class='ocrx_word' id='word_1_241' title='bbox 517 1645 696 1684; x_wconf 87' lang='lat' dir='ltr'>sustinuit</span> <span class='ocrx_word' id='word_1_242' title='bbox 725 1657 825 1682; x_wconf 89' lang='lat' dir='ltr'>unus</span> <span class='ocrx_word' id='word_1_243' title='bbox 847 1651 982 1682; x_wconf 88' lang='lat' dir='ltr'>contra</span> <span class='ocrx_word' id='word_1_244' title='bbox 1000 1643 1234 1695; x_wconf 90' lang='lat' dir='ltr'>Philippum,</span> <span class='ocrx_word' id='word_1_245' title='bbox 1255 1643 1352 1681; x_wconf 89' lang='lat' dir='ltr'>alter</span> <span class='ocrx_word' id='word_1_246' title='bbox 1373 1649 1509 1681; x_wconf 88' lang='lat' dir='ltr'>contra</span> <span class='ocrx_word' id='word_1_247' title='bbox 1528 1641 1662 1680; x_wconf 86' lang='lat' dir='ltr'>Catili-</span> 
     </span>
     <span class='ocr_line' id='line_1_26' title="bbox 196 1703 1661 1760; baseline -0.003 -13"><span class='ocrx_word' id='word_1_248' title='bbox 196 1723 284 1747; x_wconf 90' lang='lat' dir='ltr'>nam</span> <span class='ocrx_word' id='word_1_249' title='bbox 306 1716 345 1746; x_wconf 93' lang='lat' dir='ltr'>et</span> <span class='ocrx_word' id='word_1_250' title='bbox 365 1707 589 1746; x_wconf 88' lang='lat' dir='ltr'>Antonium.</span> <span class='ocrx_word' id='word_1_251' title='bbox 634 1706 838 1744; x_wconf 82' lang='lat' dir='ltr'>Exsulavit</span> <span class='ocrx_word' id='word_1_252' title='bbox 859 1712 898 1744; x_wconf 90' lang='lat' dir='ltr'>et</span> <span class='ocrx_word' id='word_1_253' title='bbox 917 1713 1136 1744; x_wconf 87' lang='lat' dir='ltr'>revocatur.</span> <span class='ocrx_word' id='word_1_254' title='bbox 1154 1705 1344 1743; x_wconf 82' lang='lat' dir='ltr'>exsulavit</span> <span class='ocrx_word' id='word_1_255' title='bbox 1362 1704 1433 1742; x_wconf 91' lang='lat' dir='ltr'>bis.</span> <span class='ocrx_word' id='word_1_256' title='bbox 1454 1704 1548 1760; x_wconf 77' lang='lat' dir='ltr'>fuga</span> <span class='ocrx_word' id='word_1_257' title='bbox 1561 1703 1661 1742; x_wconf 85' lang='lat' dir='ltr'>salu-</span> 
     </span>
     <span class='ocr_line' id='line_1_27' title="bbox 197 1765 1661 1820; baseline -0.004 -12"><span class='ocrx_word' id='word_1_258' title='bbox 197 1778 275 1809; x_wconf 88' lang='lat' dir='ltr'>tem</span> <span class='ocrx_word' id='word_1_259' title='bbox 297 1769 484 1820; x_wconf 80' lang='lat' dir='ltr'>quaesivit,</span> <span class='ocrx_word' id='word_1_260' title='bbox 510 1781 608 1806; x_wconf 88' lang='lat' dir='ltr'>unus</span> <span class='ocrx_word' id='word_1_261' title='bbox 628 1768 677 1806; x_wconf 86' lang='lat' dir='ltr'>ad</span> <span class='ocrx_word' id='word_1_262' title='bbox 697 1768 964 1814; x_wconf 87' lang='lat' dir='ltr'>Chaeroneam,</span> <span class='ocrx_word' id='word_1_263' title='bbox 991 1768 1089 1805; x_wconf 80' lang='lat' dir='ltr'>alter</span> <span class='ocrx_word' id='word_1_264' title='bbox 1117 1767 1168 1804; x_wconf 88' lang='lat' dir='ltr'>ad</span> <span class='ocrx_word' id='word_1_265' title='bbox 1188 1766 1437 1804; x_wconf 83' lang='lat' dir='ltr'>Pharsaliam.</span> <span class='ocrx_word' id='word_1_266' title='bbox 1494 1765 1661 1816; x_wconf 90' lang='lat' dir='ltr'>Utrique</span> 
     </span>
     <span class='ocr_line' id='line_1_28' title="bbox 198 1827 1661 1879; baseline -0.004 -9"><span class='ocrx_word' id='word_1_267' title='bbox 198 1845 301 1870; x_wconf 90' lang='lat' dir='ltr'>mors</span> <span class='ocrx_word' id='word_1_268' title='bbox 320 1831 499 1877; x_wconf 89' lang='lat' dir='ltr'>violenta,</span> <span class='ocrx_word' id='word_1_269' title='bbox 521 1830 660 1869; x_wconf 90' lang='lat' dir='ltr'>eodem</span> <span class='ocrx_word' id='word_1_270' title='bbox 676 1837 817 1869; x_wconf 85' lang='lat' dir='ltr'>exacto</span> <span class='ocrx_word' id='word_1_271' title='bbox 833 1829 921 1868; x_wconf 86' lang='lat' dir='ltr'>vitae</span> <span class='ocrx_word' id='word_1_272' title='bbox 934 1829 1140 1876; x_wconf 89' lang='lat' dir='ltr'>curriculo,</span> <span class='ocrx_word' id='word_1_273' title='bbox 1152 1829 1304 1879; x_wconf 90' lang='lat' dir='ltr'>utrique</span> <span class='ocrx_word' id='word_1_274' title='bbox 1323 1828 1540 1877; x_wconf 83' lang='lat' dir='ltr'>immatura,</span> <span class='ocrx_word' id='word_1_275' title='bbox 1559 1835 1598 1864; x_wconf 89' lang='lat' dir='ltr'>et</span> <span class='ocrx_word' id='word_1_276' title='bbox 1613 1827 1661 1864; x_wconf 85' lang='lat' dir='ltr'>ab</span> 
     </span>
     <span class='ocr_line' id='line_1_29' title="bbox 199 1889 1662 1944; baseline -0.004 -13"><span class='ocrx_word' id='word_1_277' title='bbox 199 1894 312 1931; x_wconf 90' lang='lat' dir='ltr'>hoste</span> <span class='ocrx_word' id='word_1_278' title='bbox 332 1893 591 1931; x_wconf 88' lang='lat' dir='ltr'>inimicissimo</span> <span class='ocrx_word' id='word_1_279' title='bbox 616 1893 794 1944; x_wconf 87' lang='lat' dir='ltr'>profecta</span> <span class='ocrx_word' id='word_1_280' title='bbox 820 1898 859 1929; x_wconf 87' lang='lat' dir='ltr'>et</span> <span class='ocrx_word' id='word_1_281' title='bbox 876 1892 926 1929; x_wconf 95' lang='lat' dir='ltr'>ob</span> <span class='ocrx_word' id='word_1_282' title='bbox 948 1891 1156 1943; x_wconf 86' lang='lat' dir='ltr'>eloquium.</span> <span class='ocrx_word' id='word_1_283' title='bbox 1186 1904 1189 1907; x_wconf 89' lang='lat'>·</span> <span class='ocrx_word' id='word_1_284' title='bbox 1215 1890 1382 1941; x_wconf 90' lang='lat' dir='ltr'>Eloquio</span> <span class='ocrx_word' id='word_1_285' title='bbox 1407 1889 1478 1927; x_wconf 91' lang='lat' dir='ltr'>sed</span> <span class='ocrx_word' id='word_1_286' title='bbox 1497 1895 1662 1940; x_wconf 88' lang='lat' dir='ltr'>uterque</span> 
     </span>
     <span class='ocr_line' id='line_1_30' title="bbox 202 1950 1663 2006; baseline -0.002 -15"><span class='ocrx_word' id='word_1_287' title='bbox 202 1956 301 2006; x_wconf 87' lang='lat' dir='ltr'>perit</span> <span class='ocrx_word' id='word_1_288' title='bbox 320 1962 460 2001; x_wconf 88' lang='lat' dir='ltr'>orator,</span> <span class='ocrx_word' id='word_1_289' title='bbox 480 1962 685 2004; x_wconf 89' lang='lat' dir='ltr'>utrumque</span> <span class='ocrx_word' id='word_1_290' title='bbox 706 1954 860 2004; x_wconf 85' lang='lat' dir='ltr'>Largus</span> <span class='ocrx_word' id='word_1_291' title='bbox 880 1960 920 1991; x_wconf 90' lang='lat' dir='ltr'>et</span> <span class='ocrx_word' id='word_1_292' title='bbox 940 1954 1142 1992; x_wconf 84' lang='lat' dir='ltr'>exundans</span> <span class='ocrx_word' id='word_1_293' title='bbox 1170 1953 1250 1990; x_wconf 90' lang='lat' dir='ltr'>leto</span> <span class='ocrx_word' id='word_1_294' title='bbox 1271 1952 1380 1990; x_wconf 87' lang='lat' dir='ltr'>dedit</span> <span class='ocrx_word' id='word_1_295' title='bbox 1404 1950 1547 2001; x_wconf 86' lang='lat' dir='ltr'>ingenii</span> <span class='ocrx_word' id='word_1_296' title='bbox 1565 1950 1663 1989; x_wconf 89' lang='lat' dir='ltr'>fons.</span> 
     </span>
     <span class='ocr_line' id='line_1_31' title="bbox 204 2005 1663 2067; baseline -0.003 -13"><span class='ocrx_word' id='word_1_297' title='bbox 204 2018 382 2067; x_wconf 86' lang='lat' dir='ltr'>Uterque</span> <span class='ocrx_word' id='word_1_298' title='bbox 402 2015 519 2053; x_wconf 90' lang='lat' dir='ltr'>filiam</span> <span class='ocrx_word' id='word_1_299' title='bbox 539 2015 827 2053; x_wconf 88' lang='lat' dir='ltr'>dilectissimam</span> <span class='ocrx_word' id='word_1_300' title='bbox 847 2014 984 2061; x_wconf 89' lang='lat' dir='ltr'>amisit,</span> <span class='ocrx_word' id='word_1_301' title='bbox 1006 2005 1141 2052; x_wconf 75' lang='lat' dir='ltr'>redux&#39;</span> <span class='ocrx_word' id='word_1_302' title='bbox 1159 2015 1207 2052; x_wconf 89' lang='lat' dir='ltr'>ab</span> <span class='ocrx_word' id='word_1_303' title='bbox 1229 2013 1364 2051; x_wconf 85' lang='lat' dir='ltr'>exsilio</span> <span class='ocrx_word' id='word_1_304' title='bbox 1391 2025 1480 2051; x_wconf 90' lang='lat' dir='ltr'>cum</span> <span class='ocrx_word' id='word_1_305' title='bbox 1503 2012 1663 2057; x_wconf 87' lang='lat' dir='ltr'>honore,</span> 
     </span>
     <span class='ocr_line' id='line_1_32' title="bbox 201 2074 1666 2128; baseline -0.003 -12"><span class='ocrx_word' id='word_1_306' title='bbox 201 2091 288 2116; x_wconf 90' lang='lat' dir='ltr'>cum</span> <span class='ocrx_word' id='word_1_307' title='bbox 309 2078 490 2116; x_wconf 86' lang='lat' dir='ltr'>libertate</span> <span class='ocrx_word' id='word_1_308' title='bbox 515 2077 675 2128; x_wconf 86' lang='lat' dir='ltr'>publica</span> <span class='ocrx_word' id='word_1_309' title='bbox 692 2076 864 2114; x_wconf 88' lang='lat' dir='ltr'>interire.</span> <span class='ocrx_word' id='word_1_310' title='bbox 894 2076 981 2128; x_wconf 80' lang='lat' dir='ltr'>(sic)</span> <span class='ocrx_word' id='word_1_311' title='bbox 1011 2076 1117 2118; x_wconf 82' lang='lat' dir='ltr'>Quid</span> <span class='ocrx_word' id='word_1_312' title='bbox 1145 2075 1279 2114; x_wconf 85' lang='lat' dir='ltr'>habuit</span> <span class='ocrx_word' id='word_1_313' title='bbox 1305 2075 1345 2112; x_wconf 87' lang='lat' dir='ltr'>in</span> <span class='ocrx_word' id='word_1_314' title='bbox 1372 2075 1549 2112; x_wconf 88' lang='lat' dir='ltr'>libertate</span> <span class='ocrx_word' id='word_1_315' title='bbox 1578 2074 1666 2111; x_wconf 87' lang='lat' dir='ltr'>ulti-</span> 
     </span>
     <span class='ocr_line' id='line_1_33' title="bbox 202 2135 1664 2186; baseline -0.003 -9"><span class='ocrx_word' id='word_1_316' title='bbox 202 2153 318 2177; x_wconf 89' lang='lat' dir='ltr'>mum.</span> <span class='ocrx_word' id='word_1_317' title='bbox 351 2139 435 2177; x_wconf 91' lang='lat' dir='ltr'>Cic.</span> <span class='ocrx_word' id='word_1_318' title='bbox 457 2145 495 2177; x_wconf 89' lang='lat' dir='ltr'>et</span> <span class='ocrx_word' id='word_1_319' title='bbox 527 2139 706 2176; x_wconf 86' lang='lat' dir='ltr'>Roscius.</span> <span class='ocrx_word' id='word_1_320' title='bbox 733 2138 848 2175; x_wconf 91' lang='lat' dir='ltr'>Dem.</span> <span class='ocrx_word' id='word_1_321' title='bbox 869 2144 908 2176; x_wconf 91' lang='lat' dir='ltr'>et</span> <span class='ocrx_word' id='word_1_322' title='bbox 928 2138 1188 2176; x_wconf 88' lang='lat' dir='ltr'>Andronicus.</span> <span class='ocrx_word' id='word_1_323' title='bbox 1217 2137 1334 2175; x_wconf 90' lang='lat' dir='ltr'>Corn.</span> <span class='ocrx_word' id='word_1_324' title='bbox 1362 2136 1465 2186; x_wconf 90' lang='lat' dir='ltr'>Nep.</span> <span class='ocrx_word' id='word_1_325' title='bbox 1493 2135 1533 2173; x_wconf 90' lang='lat' dir='ltr'>in</span> <span class='ocrx_word' id='word_1_326' title='bbox 1562 2135 1664 2173; x_wconf 89' lang='lat' dir='ltr'>Pho-</span> 
     </span>
     <span class='ocr_line' id='line_1_34' title="bbox 206 2196 1665 2250; baseline -0.003 -11"><span class='ocrx_word' id='word_1_327' title='bbox 206 2201 319 2239; x_wconf 87' lang='lat' dir='ltr'>cione</span> <span class='ocrx_word' id='word_1_328' title='bbox 340 2201 452 2238; x_wconf 89' lang='lat' dir='ltr'><strong>XIX.</strong></span> <span class='ocrx_word' id='word_1_329' title='bbox 473 2204 510 2239; x_wconf 88' lang='lat'>2.</span> <span class='ocrx_word' id='word_1_330' title='bbox 559 2200 734 2250; x_wconf 89' lang='lat' dir='ltr'>Uterque</span> <span class='ocrx_word' id='word_1_331' title='bbox 762 2205 900 2238; x_wconf 89' lang='lat' dir='ltr'>nactus</span> <span class='ocrx_word' id='word_1_332' title='bbox 919 2199 1034 2238; x_wconf 81' lang='lat' dir='ltr'>famae</span> <span class='ocrx_word' id='word_1_333' title='bbox 1054 2199 1318 2250; x_wconf 88' lang='lat' dir='ltr'>derogatores,</span> <span class='ocrx_word' id='word_1_334' title='bbox 1348 2197 1411 2235; x_wconf 85' lang='lat' dir='ltr'>hie</span> <span class='ocrx_word' id='word_1_335' title='bbox 1430 2196 1665 2243; x_wconf 89' lang='lat' dir='ltr'>Demadem,</span> 
     </span>
     <span class='ocr_line' id='line_1_35' title="bbox 204 2258 1668 2312; baseline -0.004 -11"><span class='ocrx_word' id='word_1_336' title='bbox 204 2264 268 2301; x_wconf 91' lang='lat' dir='ltr'>ille</span> <span class='ocrx_word' id='word_1_337' title='bbox 286 2262 517 2300; x_wconf 89' lang='lat' dir='ltr'>Antonium.</span> <span class='ocrx_word' id='word_1_338' title='bbox 536 2261 605 2300; x_wconf 90' lang='lat' dir='ltr'>sed</span> <span class='ocrx_word' id='word_1_339' title='bbox 623 2262 709 2312; x_wconf 92' lang='lat' dir='ltr'>plus</span> <span class='ocrx_word' id='word_1_340' title='bbox 730 2260 946 2298; x_wconf 89' lang='lat' dir='ltr'>cavendum</span> <span class='ocrx_word' id='word_1_341' title='bbox 966 2268 1037 2305; x_wconf 85' lang='lat' dir='ltr'>est,</span> <span class='ocrx_word' id='word_1_342' title='bbox 1057 2273 1107 2298; x_wconf 92' lang='lat' dir='ltr'>ne</span> <span class='ocrx_word' id='word_1_343' title='bbox 1122 2260 1205 2298; x_wconf 88' lang='lat' dir='ltr'>fera</span> <span class='ocrx_word' id='word_1_344' title='bbox 1219 2262 1465 2311; x_wconf 81' lang='lat' dir='ltr'>propterjam</span> <span class='ocrx_word' id='word_1_345' title='bbox 1480 2258 1668 2309; x_wconf 89' lang='lat' dir='ltr'>propalati</span> 
     </span>
     <span class='ocr_line' id='line_1_36' title="bbox 208 2321 1668 2374; baseline -0.003 -12"><span class='ocrx_word' id='word_1_346' title='bbox 208 2332 419 2374; x_wconf 81' lang='lat' dir='ltr'>augmenta</span> <span class='ocrx_word' id='word_1_347' title='bbox 438 2323 636 2361; x_wconf 89' lang='lat' dir='ltr'>voluminis</span> <span class='ocrx_word' id='word_1_348' title='bbox 656 2322 692 2359; x_wconf 89' lang='lat' dir='ltr'>in</span> <span class='ocrx_word' id='word_1_349' title='bbox 714 2323 863 2373; x_wconf 88' lang='lat' dir='ltr'>aliquos</span> <span class='ocrx_word' id='word_1_350' title='bbox 883 2321 1041 2360; x_wconf 89' lang='lat' dir='ltr'>forsitan</span> <span class='ocrx_word' id='word_1_351' title='bbox 1062 2322 1276 2360; x_wconf 89' lang='lat' dir='ltr'>incidamus</span> <span class='ocrx_word' id='word_1_352' title='bbox 1295 2321 1554 2371; x_wconf 88' lang='lat' dir='ltr'>vituperones,</span> <span class='ocrx_word' id='word_1_353' title='bbox 1574 2332 1668 2371; x_wconf 90' lang='lat' dir='ltr'>quo-</span> 
     </span>
     <span class='ocr_line' id='line_1_37' title="bbox 207 2381 1666 2435; baseline -0.002 -13"><span class='ocrx_word' id='word_1_354' title='bbox 207 2399 292 2423; x_wconf 89' lang='lat' dir='ltr'>rum</span> <span class='ocrx_word' id='word_1_355' title='bbox 309 2386 445 2435; x_wconf 84' lang='lat' dir='ltr'>fugere</span> <span class='ocrx_word' id='word_1_356' title='bbox 474 2385 623 2434; x_wconf 83' lang='lat' dir='ltr'>linguas</span> <span class='ocrx_word' id='word_1_357' title='bbox 652 2391 740 2422; x_wconf 91' lang='lat' dir='ltr'>cote</span> <span class='ocrx_word' id='word_1_358' title='bbox 774 2383 903 2422; x_wconf 89' lang='lat' dir='ltr'>livoris</span> <span class='ocrx_word' id='word_1_359' title='bbox 932 2384 1162 2422; x_wconf 83' lang='lat' dir='ltr'>naturalitus</span> <span class='ocrx_word' id='word_1_360' title='bbox 1189 2382 1425 2421; x_wconf 85' lang='lat' dir='ltr'>acuminatas</span> <span class='ocrx_word' id='word_1_361' title='bbox 1452 2394 1500 2419; x_wconf 89' lang='lat' dir='ltr'>ne</span> <span class='ocrx_word' id='word_1_362' title='bbox 1521 2381 1666 2420; x_wconf 90' lang='lat' dir='ltr'>Demo-</span> 
     </span>
     <span class='ocr_line' id='line_1_38' title="bbox 204 2443 1666 2497; baseline -0.002 -12"><span class='ocrx_word' id='word_1_363' title='bbox 204 2447 349 2485; x_wconf 87' lang='lat' dir='ltr'>sthenis</span> <span class='ocrx_word' id='word_1_364' title='bbox 365 2446 521 2497; x_wconf 89' lang='lat' dir='ltr'>quidem</span> <span class='ocrx_word' id='word_1_365' title='bbox 539 2445 812 2496; x_wconf 87' lang='lat' dir='ltr'>Ciceronisque</span> <span class='ocrx_word' id='word_1_366' title='bbox 830 2446 1032 2484; x_wconf 79' lang='lat' dir='ltr'>sententiae</span> <span class='ocrx_word' id='word_1_367' title='bbox 1055 2445 1222 2484; x_wconf 85' lang='lat' dir='ltr'>artifices</span> <span class='ocrx_word' id='word_1_368' title='bbox 1241 2451 1281 2482; x_wconf 91' lang='lat' dir='ltr'>et</span> <span class='ocrx_word' id='word_1_369' title='bbox 1300 2443 1454 2494; x_wconf 87' lang='lat' dir='ltr'>eloquia</span> <span class='ocrx_word' id='word_1_370' title='bbox 1469 2444 1579 2481; x_wconf 87' lang='lat' dir='ltr'>fabra</span> <span class='ocrx_word' id='word_1_371' title='bbox 1598 2457 1666 2494; x_wconf 92' lang='lat' dir='ltr'>po-</span> 
     </span>
     <span class='ocr_line' id='line_1_39' title="bbox 207 2506 1667 2558; baseline -0.002 -12"><span class='ocrx_word' id='word_1_372' title='bbox 207 2515 332 2552; x_wconf 88' lang='lat' dir='ltr'>tuere,</span> <span class='ocrx_word' id='word_1_373' title='bbox 361 2521 523 2558; x_wconf 88' lang='lat' dir='ltr'>quorum</span> <span class='ocrx_word' id='word_1_374' title='bbox 554 2507 723 2545; x_wconf 83' lang='lat' dir='ltr'>anterior</span> <span class='ocrx_word' id='word_1_375' title='bbox 751 2515 879 2545; x_wconf 86' lang='lat' dir='ltr'>orator</span> <span class='ocrx_word' id='word_1_376' title='bbox 907 2508 1135 2553; x_wconf 87' lang='lat' dir='ltr'>Demadem,</span> <span class='ocrx_word' id='word_1_377' title='bbox 1163 2507 1319 2545; x_wconf 87' lang='lat' dir='ltr'>citerior</span> <span class='ocrx_word' id='word_1_378' title='bbox 1339 2506 1552 2544; x_wconf 86' lang='lat' dir='ltr'>Antonium</span> <span class='ocrx_word' id='word_1_379' title='bbox 1571 2507 1667 2544; x_wconf 90' lang='lat' dir='ltr'>tole-</span> 
     </span>
     <span class='ocr_line' id='line_1_40' title="bbox 210 2567 1668 2619; baseline -0.001 -12"><span class='ocrx_word' id='word_1_380' title='bbox 210 2582 342 2608; x_wconf 86' lang='lat' dir='ltr'>ravere</span> <span class='ocrx_word' id='word_1_381' title='bbox 363 2570 627 2619; x_wconf 85' lang='lat' dir='ltr'>derogatores,</span> <span class='ocrx_word' id='word_1_382' title='bbox 658 2569 721 2619; x_wconf 88' lang='lat' dir='ltr'>qui</span> <span class='ocrx_word' id='word_1_383' title='bbox 750 2569 853 2606; x_wconf 87' lang='lat' dir='ltr'>lividi</span> <span class='ocrx_word' id='word_1_384' title='bbox 881 2582 969 2607; x_wconf 92' lang='lat' dir='ltr'>cum</span> <span class='ocrx_word' id='word_1_385' title='bbox 989 2568 1130 2607; x_wconf 83' lang='lat' dir='ltr'>fuerint</span> <span class='ocrx_word' id='word_1_386' title='bbox 1159 2568 1311 2606; x_wconf 83' lang='lat' dir='ltr'>malitiae</span> <span class='ocrx_word' id='word_1_387' title='bbox 1340 2567 1465 2613; x_wconf 60' lang='lat' dir='ltr'>clarae,</span> <span class='ocrx_word' id='word_1_388' title='bbox 1493 2567 1668 2606; x_wconf 88' lang='lat' dir='ltr'>dictionis</span> 
     </span>
     <span class='ocr_line' id='line_1_41' title="bbox 209 2630 1669 2683; baseline -0.001 -13"><span class='ocrx_word' id='word_1_389' title='bbox 209 2634 400 2680; x_wconf 76' lang='lat' dir='ltr'>obscurae,</span> <span class='ocrx_word' id='word_1_390' title='bbox 422 2639 550 2670; x_wconf 86' lang='lat' dir='ltr'>tamen</span> <span class='ocrx_word' id='word_1_391' title='bbox 570 2632 619 2669; x_wconf 88' lang='lat' dir='ltr'>ad</span> <span class='ocrx_word' id='word_1_392' title='bbox 640 2631 816 2669; x_wconf 89' lang='lat' dir='ltr'>notitiam</span> <span class='ocrx_word' id='word_1_393' title='bbox 835 2631 1090 2682; x_wconf 88' lang='lat' dir='ltr'>posteriorum</span> <span class='ocrx_word' id='word_1_394' title='bbox 1117 2644 1186 2683; x_wconf 90' lang='lat' dir='ltr'>per</span> <span class='ocrx_word' id='word_1_395' title='bbox 1207 2631 1296 2668; x_wconf 89' lang='lat' dir='ltr'>odia</span> <span class='ocrx_word' id='word_1_396' title='bbox 1324 2630 1510 2667; x_wconf 86' lang='lat' dir='ltr'>virtutum</span> <span class='ocrx_word' id='word_1_397' title='bbox 1532 2630 1669 2668; x_wconf 89' lang='lat' dir='ltr'>decur-</span> 
     </span>
     <span class='ocr_line' id='line_1_42' title="bbox 208 2691 1666 2744; baseline -0.002 -12"><span class='ocrx_word' id='word_1_398' title='bbox 208 2702 309 2732; x_wconf 87' lang='lat' dir='ltr'>runt.</span> <span class='ocrx_word' id='word_1_399' title='bbox 368 2693 499 2732; x_wconf 86' lang='lat' dir='ltr'>Sidon.</span> <span class='ocrx_word' id='word_1_400' title='bbox 520 2693 635 2732; x_wconf 92' lang='lat' dir='ltr'><strong>VIII.</strong></span> <span class='ocrx_word' id='word_1_401' title='bbox 660 2693 736 2744; x_wconf 87' lang='lat' dir='ltr'>Ep.</span> <span class='ocrx_word' id='word_1_402' title='bbox 759 2693 794 2731; x_wconf 93' lang='lat' dir='ltr'>I.</span> <span class='ocrx_word' id='word_1_403' title='bbox 826 2693 870 2730; x_wconf 92' lang='lat' dir='ltr'>In</span> <span class='ocrx_word' id='word_1_404' title='bbox 890 2693 991 2744; x_wconf 88' lang='lat' dir='ltr'>stylo</span> <span class='ocrx_word' id='word_1_405' title='bbox 1013 2699 1052 2730; x_wconf 88' lang='lat' dir='ltr'>et</span> <span class='ocrx_word' id='word_1_406' title='bbox 1072 2692 1251 2730; x_wconf 87' lang='lat' dir='ltr'>orationis</span> <span class='ocrx_word' id='word_1_407' title='bbox 1271 2704 1415 2742; x_wconf 89' lang='lat' dir='ltr'>genere</span> <span class='ocrx_word' id='word_1_408' title='bbox 1436 2691 1595 2734; x_wconf 82' lang='lat' dir='ltr'>Quintil.</span> <span class='ocrx_word' id='word_1_409' title='bbox 1616 2691 1666 2729; x_wconf 92' lang='lat' dir='ltr'>X.</span> 
     </span>
     <span class='ocr_line' id='line_1_43' title="bbox 212 2753 1667 2806; baseline -0.002 -12"><span class='ocrx_word' id='word_1_410' title='bbox 212 2760 249 2794; x_wconf 89' lang='lat'>1.</span> <span class='ocrx_word' id='word_1_411' title='bbox 280 2755 447 2806; x_wconf 86' lang='lat' dir='ltr'>Longin.</span> <span class='ocrx_word' id='word_1_412' title='bbox 467 2756 503 2805; x_wconf 81' lang='lat'>§.</span> <span class='ocrx_word' id='word_1_413' title='bbox 528 2758 589 2793; x_wconf 88' lang='lat'><strong>15.</strong></span> <span class='ocrx_word' id='word_1_414' title='bbox 621 2754 815 2793; x_wconf 78' lang='lat' dir='ltr'>Coecilius.</span> <span class='ocrx_word' id='word_1_415' title='bbox 835 2767 871 2791; x_wconf 93' lang='lat' dir='ltr'>v.</span> <span class='ocrx_word' id='word_1_416' title='bbox 894 2754 1001 2792; x_wconf 87' lang='lat' dir='ltr'>Suid.</span> <span class='ocrx_word' id='word_1_417' title='bbox 1022 2761 1062 2791; x_wconf 91' lang='lat' dir='ltr'>et</span> <span class='ocrx_word' id='word_1_418' title='bbox 1083 2754 1184 2792; x_wconf 89' lang='lat' dir='ltr'>Plut.</span> <span class='ocrx_word' id='word_1_419' title='bbox 1203 2754 1241 2791; x_wconf 91' lang='lat' dir='ltr'>in</span> <span class='ocrx_word' id='word_1_420' title='bbox 1261 2753 1339 2791; x_wconf 84' lang='lat' dir='ltr'>vita</span> <span class='ocrx_word' id='word_1_421' title='bbox 1353 2753 1466 2791; x_wconf 90' lang='lat' dir='ltr'>Dem.</span> <span class='ocrx_word' id='word_1_422' title='bbox 1489 2753 1667 2791; x_wconf 89' lang='lat' dir='ltr'>Renatus</span> 
     </span>
     <span class='ocr_line' id='line_1_44' title="bbox 212 2814 1668 2869; baseline -0.003 -12"><span class='ocrx_word' id='word_1_423' title='bbox 212 2819 386 2869; x_wconf 88' lang='lat' dir='ltr'>Rapinus</span> <span class='ocrx_word' id='word_1_424' title='bbox 409 2817 448 2855; x_wconf 91' lang='lat' dir='ltr'>S.</span> <span class='ocrx_word' id='word_1_425' title='bbox 472 2817 501 2855; x_wconf 93' lang='lat' dir='ltr'>l.</span> <span class='ocrx_word' id='word_1_426' title='bbox 532 2817 738 2867; x_wconf 88' lang='lat' dir='ltr'>Nigronius</span> <span class='ocrx_word' id='word_1_427' title='bbox 767 2816 807 2854; x_wconf 91' lang='lat' dir='ltr'>S.</span> <span class='ocrx_word' id='word_1_428' title='bbox 834 2816 867 2854; x_wconf 90' lang='lat'>1.</span> <span class='ocrx_word' id='word_1_429' title='bbox 909 2815 1161 2866; x_wconf 88' lang='lat' dir='ltr'>Comparison</span> <span class='ocrx_word' id='word_1_430' title='bbox 1183 2815 1227 2854; x_wconf 87' lang='lat' dir='ltr'>of</span> <span class='ocrx_word' id='word_1_431' title='bbox 1247 2815 1331 2853; x_wconf 93' lang='lat' dir='ltr'>Cic.</span> <span class='ocrx_word' id='word_1_432' title='bbox 1351 2815 1427 2852; x_wconf 86' lang='lat' dir='ltr'>and</span> <span class='ocrx_word' id='word_1_433' title='bbox 1443 2815 1492 2853; x_wconf 89' lang='lat' dir='ltr'>D.</span> <span class='ocrx_word' id='word_1_434' title='bbox 1514 2814 1668 2865; x_wconf 86' lang='lat' dir='ltr'>gallice.</span> 
     </span>
     <span class='ocr_line' id='line_1_45' title="bbox 212 2876 1670 2929; baseline -0.003 -12"><span class='ocrx_word' id='word_1_435' title='bbox 212 2880 328 2918; x_wconf 84' lang='lat' dir='ltr'>Arch.</span> <span class='ocrx_word' id='word_1_436' title='bbox 353 2880 401 2917; x_wconf 91' lang='lat' dir='ltr'>D.</span> <span class='ocrx_word' id='word_1_437' title='bbox 426 2878 630 2929; x_wconf 80' lang='lat' dir='ltr'>Stepliens.</span> <span class='ocrx_word' id='word_1_438' title='bbox 654 2877 887 2916; x_wconf 84' lang='lat' dir='ltr'>Pcrraultus.</span> <span class='ocrx_word' id='word_1_439' title='bbox 910 2877 970 2916; x_wconf 88' lang='lat' dir='ltr'>Fr.</span> <span class='ocrx_word' id='word_1_440' title='bbox 985 2877 1244 2916; x_wconf 87' lang='lat' dir='ltr'>Maucroisius</span> <span class='ocrx_word' id='word_1_441' title='bbox 1262 2876 1367 2914; x_wconf 83' lang='lat' dir='ltr'>Paris</span> <span class='ocrx_word' id='word_1_442' title='bbox 1386 2879 1501 2916; x_wconf 89' lang='lat'><strong>1685.</strong></span> <span class='ocrx_word' id='word_1_443' title='bbox 1531 2876 1670 2914; x_wconf 89' lang='lat' dir='ltr'>Fonte-</span> 
     </span>
    </p>
   </div>
  </div>
 </body>
</html>
