<?xml version="1.0" encoding="UTF-8"?>
<!DOCTYPE html PUBLIC "-//W3C//DTD XHTML 1.0 Transitional//EN"
    "http://www.w3.org/TR/xhtml1/DTD/xhtml1-transitional.dtd">
<html xmlns="http://www.w3.org/1999/xhtml" xml:lang="en" lang="en">
 <head>
  <title>
</title>
<meta http-equiv="Content-Type" content="text/html;charset=utf-8" />
  <meta name='ocr-system' content='tesseract 3.04.00' />
  <meta name='ocr-capabilities' content='ocr_page ocr_carea ocr_par ocr_line ocrx_word'/>
</head>
<body>
  <div class='ocr_page' id='page_1' title='image "./oratoresatticie05dobs_0523.png"; bbox 0 0 1924 3288; ppageno 0'>
   <div class='ocr_carea' id='block_1_1' title="bbox 516 162 1239 211">
    <p class='ocr_par' dir='ltr' id='par_1_1' title="bbox 516 162 1239 211">
     <span class='ocr_line' id='line_1_1' title="bbox 516 162 1239 211; baseline -0.011 0"><span class='ocrx_word' id='word_1_1' title='bbox 516 169 560 211; x_wconf 89' lang='lat' dir='ltr'>O</span> <span class='ocrx_word' id='word_1_2' title='bbox 613 166 798 208; x_wconf 88' lang='grc' dir='ltr'>ΠΕΡΙ</span> <span class='ocrx_word' id='word_1_3' title='bbox 857 162 1239 206; x_wconf 88' lang='grc' dir='ltr'>ΕΙΡΗΝΗΣ,</span> 
     </span>
    </p>
   </div>
   <div class='ocr_carea' id='block_1_2' title="bbox 1500 158 1604 213">
    <p class='ocr_par' dir='ltr' id='par_1_2' title="bbox 1500 158 1604 213">
     <span class='ocr_line' id='line_1_2' title="bbox 1500 158 1604 213; baseline 0.019 -9"><span class='ocrx_word' id='word_1_4' title='bbox 1500 158 1604 213; x_wconf 84' lang='grc'>149</span> 
     </span>
    </p>
   </div>
   <div class='ocr_carea' id='block_1_3' title="bbox 153 273 1673 721">
    <p class='ocr_par' dir='ltr' id='par_1_3' title="bbox 153 273 1673 721">
     <span class='ocr_line' id='line_1_3' title="bbox 157 273 1603 368; baseline -0.002 -38"><span class='ocrx_word' id='word_1_5' title='bbox 157 279 256 330; x_wconf 87' lang='grc' dir='ltr'>Κων</span> <span class='ocrx_word' id='word_1_6' title='bbox 281 303 358 332; x_wconf 74' lang='grc' dir='ltr'>και</span> <span class='ocrx_word' id='word_1_7' title='bbox 383 277 536 341; x_wconf 65' lang='grc' dir='ltr'><em>Ροδον,</em></span> <span class='ocrx_word' id='word_1_8' title='bbox 565 302 642 330; x_wconf 76' lang='grc' dir='ltr'>και</span> <span class='ocrx_word' id='word_1_9' title='bbox 672 276 936 368; x_wconf 70' lang='grc' dir='ltr'><em>Βυζαντίους</em></span> <span class='ocrx_word' id='word_1_10' title='bbox 963 299 1184 341; x_wconf 74' lang='grc' dir='ltr'>καταγειν</span> <span class='ocrx_word' id='word_1_11' title='bbox 1210 273 1275 326; x_wconf 67' lang='grc' dir='ltr'>τοὶ</span> <span class='ocrx_word' id='word_1_12' title='bbox 1294 285 1453 338; x_wconf 77' lang='grc' dir='ltr'><strong>πλοῖα,</strong></span> <span class='ocrx_word' id='word_1_13' title='bbox 1477 273 1603 337; x_wconf 65' lang='grc' dir='ltr'><em>δῆλον</em></span> 
     </span>
     <span class='ocr_line' id='line_1_4' title="bbox 155 346 1673 445; baseline -0.002 -42"><span class='ocrx_word' id='word_1_14' title='bbox 155 377 224 403; x_wconf 81' lang='grc' dir='ltr'>οτι</span> <span class='ocrx_word' id='word_1_15' title='bbox 253 352 327 414; x_wconf 68' lang='grc' dir='ltr'>τὴν</span> <span class='ocrx_word' id='word_1_16' title='bbox 352 351 454 404; x_wconf 71' lang='lat' dir='ltr'>oc&#39;wo</span> <span class='ocrx_word' id='word_1_17' title='bbox 482 354 556 413; x_wconf 60' lang='grc' dir='ltr'>τῆς</span> <span class='ocrx_word' id='word_1_18' title='bbox 575 351 736 445; x_wconf 63' lang='grc' dir='ltr'><em>εἶξήνπς</em></span> <span class='ocrx_word' id='word_1_19' title='bbox 768 350 963 416; x_wconf 53' lang='lat' dir='ltr'>aio-uxama</span> <span class='ocrx_word' id='word_1_20' title='bbox 990 348 1201 402; x_wconf 67' lang='grc' dir='ltr'><em>πλειονων</em></span> <span class='ocrx_word' id='word_1_21' title='bbox 1228 346 1422 413; x_wconf 57' lang='grc' dir='ltr'>οἷ’γαθων</span> <span class='ocrx_word' id='word_1_22' title='bbox 1451 348 1603 400; x_wconf 63' lang='lat' dir='ltr'>oei-nav</span> <span class='ocrx_word' id='word_1_23' title='bbox 1621 368 1673 402; x_wconf 85' lang='lat'>82</span> 
     </span>
     <span class='ocr_line' id='line_1_5' title="bbox 157 423 1603 518; baseline -0.002 -41"><span class='ocrx_word' id='word_1_24' title='bbox 157 423 262 477; x_wconf 79' lang='grc' dir='ltr'><em>εἶναι</em></span> <span class='ocrx_word' id='word_1_25' title='bbox 290 425 587 497; x_wconf 71' lang='grc' dir='ltr'><em>νομιζοντες</em></span> <span class='ocrx_word' id='word_1_26' title='bbox 561 450 585 480; x_wconf 78' lang='grc' dir='ltr'><em>ἠ</em></span> <span class='ocrx_word' id='word_1_27' title='bbox 615 450 664 477; x_wconf 88' lang='grc' dir='ltr'>το</span> <span class='ocrx_word' id='word_1_28' title='bbox 695 426 967 518; x_wconf 65' lang='grc' dir='ltr'><em>προσ-κρούειν</em></span> <span class='ocrx_word' id='word_1_29' title='bbox 996 448 1073 475; x_wconf 81' lang='grc' dir='ltr'>και</span> <span class='ocrx_word' id='word_1_30' title='bbox 1101 432 1351 487; x_wconf 80' lang='grc' dir='ltr'><em>φιλονεικειν</em></span> <span class='ocrx_word' id='word_1_31' title='bbox 1379 445 1475 512; x_wconf 64' lang='grc' dir='ltr'>περι</span> <span class='ocrx_word' id='word_1_32' title='bbox 1506 447 1603 474; x_wconf 89' lang='grc' dir='ltr'><em>του-</em></span> 
     </span>
     <span class='ocr_line' id='line_1_6' title="bbox 157 497 1605 570; baseline -0.002 -21"><span class='ocrx_word' id='word_1_33' title='bbox 157 523 258 550; x_wconf 86' lang='grc' dir='ltr'>των.</span> <span class='ocrx_word' id='word_1_34' title='bbox 299 523 445 551; x_wconf 86' lang='grc' dir='ltr'><em>ουκουν</em></span> <span class='ocrx_word' id='word_1_35' title='bbox 480 499 632 561; x_wconf 63' lang='grc' dir='ltr'><em>εὔηθες</em></span> <span class='ocrx_word' id='word_1_36' title='bbox 670 523 749 551; x_wconf 76' lang='grc' dir='ltr'>και</span> <span class='ocrx_word' id='word_1_37' title='bbox 785 497 945 570; x_wconf 59' lang='grc' dir='ltr'><em>κομιδῇ</em></span> <span class='ocrx_word' id='word_1_38' title='bbox 978 497 1214 564; x_wconf 74' lang='grc' dir='ltr'>σχέτλιον,</span> <span class='ocrx_word' id='word_1_39' title='bbox 1251 520 1358 563; x_wconf 80' lang='grc' dir='ltr'><em>προς</em></span> <span class='ocrx_word' id='word_1_40' title='bbox 1391 519 1605 555; x_wconf 76' lang='grc' dir='ltr'><em>εκοιστους</em></span> 
     </span>
     <span class='ocr_line' id='line_1_7' title="bbox 155 571 1602 666; baseline -0.002 -43"><span class='ocrx_word' id='word_1_41' title='bbox 155 571 311 623; x_wconf 50' lang='grc' dir='ltr'>καθω</span> <span class='ocrx_word' id='word_1_42' title='bbox 287 597 360 624; x_wconf 80' lang='grc' dir='ltr'>ενα</span> <span class='ocrx_word' id='word_1_43' title='bbox 386 597 545 625; x_wconf 69' lang='grc' dir='ltr'><em>ουτ-ωσι</em></span> <span class='ocrx_word' id='word_1_44' title='bbox 572 572 649 635; x_wconf 64' lang='grc' dir='ltr'>ἤδη</span> <span class='ocrx_word' id='word_1_45' title='bbox 674 596 1084 666; x_wconf 62' lang='grc' dir='ltr'><em>πςοσενηνεγμενους</em></span> <span class='ocrx_word' id='word_1_46' title='bbox 1108 595 1205 639; x_wconf 78' lang='grc' dir='ltr'>περι</span> <span class='ocrx_word' id='word_1_47' title='bbox 1233 594 1317 622; x_wconf 83' lang='grc' dir='ltr'>των</span> <span class='ocrx_word' id='word_1_48' title='bbox 1337 593 1499 621; x_wconf 82' lang='grc' dir='ltr'><em>οικειων</em></span> <span class='ocrx_word' id='word_1_49' title='bbox 1525 594 1602 621; x_wconf 80' lang='grc' dir='ltr'>και</span> 
     </span>
     <span class='ocr_line' id='line_1_8' title="bbox 153 644 1607 721; baseline 0 -25"><span class='ocrx_word' id='word_1_50' title='bbox 153 646 549 711; x_wconf 68' lang='grc' dir='ltr'>οἷναγκαιοτοίτων,</span> <span class='ocrx_word' id='word_1_51' title='bbox 577 671 685 721; x_wconf 62' lang='grc' dir='ltr'>προς</span> <span class='ocrx_word' id='word_1_52' title='bbox 708 646 935 705; x_wconf 66' lang='grc' dir='ltr'><em>ἅπαντας</em></span> <span class='ocrx_word' id='word_1_53' title='bbox 960 670 1055 721; x_wconf 60' lang='grc' dir='ltr'>περι</span> <span class='ocrx_word' id='word_1_54' title='bbox 1084 645 1165 704; x_wconf 67' lang='grc' dir='ltr'>τῆς</span> <span class='ocrx_word' id='word_1_55' title='bbox 1189 668 1229 697; x_wconf 83' lang='grc' dir='ltr'>εν</span> <span class='ocrx_word' id='word_1_56' title='bbox 1255 653 1449 708; x_wconf 75' lang='grc' dir='ltr'>Δελφοῖς</span> <span class='ocrx_word' id='word_1_57' title='bbox 1473 644 1607 702; x_wconf 76' lang='grc' dir='ltr'><em>σκιᾶς</em></span> 
     </span>
    </p>
   </div>
   <div class='ocr_carea' id='block_1_4' title="bbox 153 720 562 791">
    <p class='ocr_par' dir='ltr' id='par_1_4' title="bbox 153 720 562 791">
     <span class='ocr_line' id='line_1_9' title="bbox 153 720 562 791; baseline 0.007 -21"><span class='ocrx_word' id='word_1_58' title='bbox 153 742 234 771; x_wconf 80' lang='grc' dir='ltr'><em>νυνι</em></span> <span class='ocrx_word' id='word_1_59' title='bbox 260 720 561 791; x_wconf 66' lang='grc' dir='ltr'><em>πολεμῆσαι·</em></span> <span class='ocrx_word' id='word_1_60' title='bbox 551 761 562 780; x_wconf 91' lang='grc'><strong>,</strong></span> 
     </span>
    </p>
   </div>
   <div class='ocr_carea' id='block_1_5' title="bbox 144 827 869 2233">
    <p class='ocr_par' dir='ltr' id='par_1_5' title="bbox 144 827 866 1326">
     <span class='ocr_line' id='line_1_10' title="bbox 152 827 864 869; baseline 0.004 -12"><span class='ocrx_word' id='word_1_61' title='bbox 152 837 184 866; x_wconf 92' lang='grc' dir='ltr'>Ρ.</span> <span class='ocrx_word' id='word_1_62' title='bbox 199 827 270 858; x_wconf 80' lang='lat'><strong>597.</strong></span> <span class='ocrx_word' id='word_1_63' title='bbox 276 828 290 869; x_wconf 96' lang='lat'><em>)</em></span> <span class='ocrx_word' id='word_1_64' title='bbox 314 830 417 860; x_wconf 73' lang='grc' dir='ltr'>Βιῑοκ</span> <span class='ocrx_word' id='word_1_65' title='bbox 464 831 482 860; x_wconf 86' lang='lat' dir='ltr'>i.</span> <span class='ocrx_word' id='word_1_66' title='bbox 501 841 530 860; x_wconf 86' lang='lat' dir='ltr'>e.</span> <span class='ocrx_word' id='word_1_67' title='bbox 546 840 648 869; x_wconf 85' lang='lat' dir='ltr'>regem</span> <span class='ocrx_word' id='word_1_68' title='bbox 666 831 788 861; x_wconf 84' lang='lat' dir='ltr'>Carum</span> <span class='ocrx_word' id='word_1_69' title='bbox 819 831 864 860; x_wconf 93' lang='lat' dir='ltr'>Si-</span> 
     </span>
     <span class='ocr_line' id='line_1_11' title="bbox 152 869 865 913; baseline 0.006 -16"><span class='ocrx_word' id='word_1_70' title='bbox 152 869 267 900; x_wconf 83' lang='lat' dir='ltr'>militer</span> <span class='ocrx_word' id='word_1_71' title='bbox 284 872 436 902; x_wconf 83' lang='lat' dir='ltr'>Herodot.</span> <span class='ocrx_word' id='word_1_72' title='bbox 452 873 498 913; x_wconf 90' lang='lat'>(1.</span> <span class='ocrx_word' id='word_1_73' title='bbox 509 877 559 904; x_wconf 91' lang='grc'>80.</span> <span class='ocrx_word' id='word_1_74' title='bbox 576 875 636 903; x_wconf 84' lang='grc' dir='ltr'>ΙΙΙ.</span> <span class='ocrx_word' id='word_1_75' title='bbox 650 875 681 902; x_wconf 91' lang='grc'>’7.</span> <span class='ocrx_word' id='word_1_76' title='bbox 684 873 697 912; x_wconf 93' lang='grc'>)</span> <span class='ocrx_word' id='word_1_77' title='bbox 711 872 756 902; x_wconf 78' lang='grc' dir='ltr'>τὸν</span> <span class='ocrx_word' id='word_1_78' title='bbox 770 872 865 908; x_wconf 76' lang='grc' dir='ltr'>Λυδὸν,</span> 
     </span>
     <span class='ocr_line' id='line_1_12' title="bbox 152 910 863 954; baseline 0.006 -14"><span class='ocrx_word' id='word_1_79' title='bbox 152 910 198 941; x_wconf 67' lang='grc' dir='ltr'>τὸν</span> <span class='ocrx_word' id='word_1_80' title='bbox 212 912 344 953; x_wconf 66' lang='lat' dir='ltr'>’Apa&#39;aCaor,</span> <span class='ocrx_word' id='word_1_81' title='bbox 355 920 386 944; x_wconf 92' lang='lat' dir='ltr'>ut</span> <span class='ocrx_word' id='word_1_82' title='bbox 400 916 682 954; x_wconf 77' lang='lat' dir='ltr'>Schweighaeuser,</span> <span class='ocrx_word' id='word_1_83' title='bbox 696 917 733 945; x_wconf 92' lang='lat' dir='ltr'>V.</span> <span class='ocrx_word' id='word_1_84' title='bbox 743 916 822 949; x_wconf 70' lang='lat' dir='ltr'>Cel„</span> <span class='ocrx_word' id='word_1_85' title='bbox 837 917 863 944; x_wconf 91' lang='grc' dir='ltr'>Ι.</span> 
     </span>
     <span class='ocr_line' id='line_1_13' title="bbox 152 955 866 998; baseline 0.004 -14"><span class='ocrx_word' id='word_1_86' title='bbox 152 955 182 984; x_wconf 86' lang='grc'>3.</span> <span class='ocrx_word' id='word_1_87' title='bbox 207 966 262 994; x_wconf 87' lang='lat' dir='ltr'>pro</span> <span class='ocrx_word' id='word_1_88' title='bbox 289 959 343 986; x_wconf 72' lang='grc' dir='ltr'>τῶν</span> <span class='ocrx_word' id='word_1_89' title='bbox 369 958 485 998; x_wconf 82' lang='grc' dir='ltr'>Κόλχων</span> <span class='ocrx_word' id='word_1_90' title='bbox 511 958 638 991; x_wconf 73' lang='grc' dir='ltr'>βασιλῆα</span> <span class='ocrx_word' id='word_1_91' title='bbox 660 959 798 996; x_wconf 77' lang='lat' dir='ltr'>reposuit</span> <span class='ocrx_word' id='word_1_92' title='bbox 819 956 866 987; x_wconf 76' lang='grc' dir='ltr'>τὸν</span> 
     </span>
     <span class='ocr_line' id='line_1_14' title="bbox 152 995 863 1039; baseline 0.003 -13"><span class='ocrx_word' id='word_1_93' title='bbox 152 995 268 1038; x_wconf 80' lang='grc' dir='ltr'><strong>Κόλχον.</strong></span> <span class='ocrx_word' id='word_1_94' title='bbox 313 1000 499 1039; x_wconf 83' lang='lat' dir='ltr'>Intelligitur</span> <span class='ocrx_word' id='word_1_95' title='bbox 523 1012 577 1030; x_wconf 86' lang='lat' dir='ltr'>rex</span> <span class='ocrx_word' id='word_1_96' title='bbox 605 1001 738 1030; x_wconf 86' lang='lat' dir='ltr'>ldrieus.</span> <span class='ocrx_word' id='word_1_97' title='bbox 785 1001 863 1029; x_wconf 87' lang='lat' dir='ltr'>Nam</span> 
     </span>
     <span class='ocr_line' id='line_1_15' title="bbox 153 1042 864 1082; baseline 0.003 -14"><span class='ocrx_word' id='word_1_98' title='bbox 153 1050 245 1078; x_wconf 89' lang='lat' dir='ltr'>quum</span> <span class='ocrx_word' id='word_1_99' title='bbox 273 1043 440 1079; x_wconf 80' lang='lat' dir='ltr'>Mausolus,</span> <span class='ocrx_word' id='word_1_100' title='bbox 466 1044 564 1073; x_wconf 87' lang='lat' dir='ltr'>Cariae</span> <span class='ocrx_word' id='word_1_101' title='bbox 592 1054 658 1079; x_wconf 87' lang='lat' dir='ltr'>rex,</span> <span class='ocrx_word' id='word_1_102' title='bbox 683 1042 788 1082; x_wconf 84' lang='lat' dir='ltr'>(mort.</span> <span class='ocrx_word' id='word_1_103' title='bbox 814 1042 864 1071; x_wconf 90' lang='lat' dir='ltr'>Ol.</span> 
     </span>
     <span class='ocr_line' id='line_1_16' title="bbox 155 1085 862 1123; baseline 0.004 -12"><span class='ocrx_word' id='word_1_104' title='bbox 155 1085 229 1117; x_wconf 83' lang='lat'>106,</span> <span class='ocrx_word' id='word_1_105' title='bbox 247 1086 277 1113; x_wconf 89' lang='lat'><strong>4.</strong></span> <span class='ocrx_word' id='word_1_106' title='bbox 302 1085 395 1114; x_wconf 82' lang='lat' dir='ltr'><strong>Diod.</strong></span> <span class='ocrx_word' id='word_1_107' title='bbox 415 1087 447 1115; x_wconf 87' lang='lat' dir='ltr'>S.</span> <span class='ocrx_word' id='word_1_108' title='bbox 463 1087 557 1116; x_wconf 85' lang='lat' dir='ltr'><strong>XVI.</strong></span> <span class='ocrx_word' id='word_1_109' title='bbox 577 1085 656 1123; x_wconf 82' lang='grc'><strong>36.),</strong></span> <span class='ocrx_word' id='word_1_110' title='bbox 678 1086 728 1114; x_wconf 86' lang='lat' dir='ltr'>Ol.</span> <span class='ocrx_word' id='word_1_111' title='bbox 743 1086 852 1119; x_wconf 74' lang='lat'>105‚‘&#39;</span> <span class='ocrx_word' id='word_1_112' title='bbox 832 1098 862 1115; x_wconf 72' lang='grc' dir='ltr'>ο.</span> 
     </span>
     <span class='ocr_line' id='line_1_17' title="bbox 153 1126 864 1167; baseline 0.004 -13"><span class='ocrx_word' id='word_1_113' title='bbox 153 1126 268 1155; x_wconf 86' lang='lat' dir='ltr'>auxilia</span> <span class='ocrx_word' id='word_1_114' title='bbox 278 1127 362 1156; x_wconf 80' lang='lat' dir='ltr'>Chiis</span> <span class='ocrx_word' id='word_1_115' title='bbox 371 1128 614 1167; x_wconf 85' lang='lat' dir='ltr'>ceterisque‚qui</span> <span class='ocrx_word' id='word_1_116' title='bbox 627 1128 739 1157; x_wconf 89' lang='lat' dir='ltr'>bellum</span> <span class='ocrx_word' id='word_1_117' title='bbox 751 1128 864 1157; x_wconf 87' lang='lat' dir='ltr'>sociale</span> 
     </span>
     <span class='ocr_line' id='line_1_18' title="bbox 144 1170 864 1209; baseline 0.004 -13"><span class='ocrx_word' id='word_1_118' title='bbox 144 1170 309 1207; x_wconf 74' lang='lat' dir='ltr'><strong>gerebant,</strong></span> <span class='ocrx_word' id='word_1_119' title='bbox 332 1171 443 1209; x_wconf 88' lang='lat' dir='ltr'>(Diod.</span> <span class='ocrx_word' id='word_1_120' title='bbox 471 1172 503 1200; x_wconf 90' lang='lat' dir='ltr'>S.</span> <span class='ocrx_word' id='word_1_121' title='bbox 521 1171 616 1200; x_wconf 91' lang='lat' dir='ltr'><strong>XVI.</strong></span> <span class='ocrx_word' id='word_1_122' title='bbox 632 1171 690 1208; x_wconf 76' lang='lat'><strong>7.)‚</strong></span> <span class='ocrx_word' id='word_1_123' title='bbox 716 1170 864 1209; x_wconf 89' lang='lat' dir='ltr'>suppedi-</span> 
     </span>
     <span class='ocr_line' id='line_1_19' title="bbox 153 1212 864 1251; baseline 0.003 -12"><span class='ocrx_word' id='word_1_124' title='bbox 153 1215 258 1247; x_wconf 86' lang='lat' dir='ltr'>tasset,</span> <span class='ocrx_word' id='word_1_125' title='bbox 274 1212 329 1241; x_wconf 88' lang='lat' dir='ltr'>hos</span> <span class='ocrx_word' id='word_1_126' title='bbox 353 1212 403 1242; x_wconf 90' lang='lat' dir='ltr'>ille</span> <span class='ocrx_word' id='word_1_127' title='bbox 428 1214 458 1242; x_wconf 93' lang='lat' dir='ltr'>iu</span> <span class='ocrx_word' id='word_1_128' title='bbox 476 1224 558 1243; x_wconf 86' lang='lat' dir='ltr'>suam</span> <span class='ocrx_word' id='word_1_129' title='bbox 575 1217 758 1251; x_wconf 86' lang='lat' dir='ltr'>potestatem</span> <span class='ocrx_word' id='word_1_130' title='bbox 775 1213 864 1241; x_wconf 81' lang='lat' dir='ltr'>rede-</span> 
     </span>
     <span class='ocr_line' id='line_1_20' title="bbox 153 1253 863 1292; baseline 0.003 -11"><span class='ocrx_word' id='word_1_131' title='bbox 153 1253 208 1291; x_wconf 73' lang='lat' dir='ltr'>git,</span> <span class='ocrx_word' id='word_1_132' title='bbox 217 1264 303 1292; x_wconf 89' lang='lat' dir='ltr'>quam</span> <span class='ocrx_word' id='word_1_133' title='bbox 313 1255 513 1286; x_wconf 81' lang='lat' dir='ltr'>Athenienses</span> <span class='ocrx_word' id='word_1_134' title='bbox 525 1256 628 1285; x_wconf 88' lang='lat' dir='ltr'>Idrieo</span> <span class='ocrx_word' id='word_1_135' title='bbox 643 1255 863 1285; x_wconf 87' lang='lat' dir='ltr'>concedebant.</span> 
     </span>
     <span class='ocr_line' id='line_1_21' title="bbox 153 1295 279 1326; baseline 0.016 -2"><span class='ocrx_word' id='word_1_136' title='bbox 153 1295 279 1326; x_wconf 70' lang='lat' dir='ltr'>Riimo.</span> 
     </span>
    </p>

    <p class='ocr_par' dir='ltr' id='par_1_6' title="bbox 151 1339 869 2186">
     <span class='ocr_line' id='line_1_22' title="bbox 194 1339 864 1379; baseline 0.001 -12"><span class='ocrx_word' id='word_1_137' title='bbox 194 1339 267 1379; x_wconf 79' lang='grc' dir='ltr'>Κῶν]</span> <span class='ocrx_word' id='word_1_138' title='bbox 292 1340 330 1368; x_wconf 92' lang='lat' dir='ltr'><strong>V.</strong></span> <span class='ocrx_word' id='word_1_139' title='bbox 348 1340 441 1370; x_wconf 84' lang='lat' dir='ltr'><strong>Diod.</strong></span> <span class='ocrx_word' id='word_1_140' title='bbox 454 1340 517 1369; x_wconf 83' lang='lat' dir='ltr'>Sic.</span> <span class='ocrx_word' id='word_1_141' title='bbox 529 1340 549 1368; x_wconf 90' lang='lat' dir='ltr'>i.</span> <span class='ocrx_word' id='word_1_142' title='bbox 566 1343 616 1370; x_wconf 85' lang='lat'>81.</span> <span class='ocrx_word' id='word_1_143' title='bbox 632 1340 759 1370; x_wconf 66' lang='lat' dir='ltr'><strong>xix.86.</strong></span> <span class='ocrx_word' id='word_1_144' title='bbox 781 1340 864 1369; x_wconf 82' lang='lat' dir='ltr'>Thu-</span> 
     </span>
     <span class='ocr_line' id='line_1_23' title="bbox 153 1382 749 1422; baseline 0.002 -12"><span class='ocrx_word' id='word_1_145' title='bbox 153 1382 223 1420; x_wconf 84' lang='lat' dir='ltr'>cyd.</span> <span class='ocrx_word' id='word_1_146' title='bbox 240 1382 305 1412; x_wconf 77' lang='lat' dir='ltr'>viii.</span> <span class='ocrx_word' id='word_1_147' title='bbox 323 1385 374 1412; x_wconf 84' lang='lat'><strong>41.</strong></span> <span class='ocrx_word' id='word_1_148' title='bbox 392 1383 495 1422; x_wconf 83' lang='lat' dir='ltr'>ibique</span> <span class='ocrx_word' id='word_1_149' title='bbox 512 1384 618 1412; x_wconf 85' lang='lat' dir='ltr'>Wass.</span> <span class='ocrx_word' id='word_1_150' title='bbox 645 1383 749 1413; x_wconf 68' lang='lat' dir='ltr'>Bncx.</span> 
     </span>
     <span class='ocr_line' id='line_1_24' title="bbox 151 1423 863 1464; baseline 0.001 -12"><span class='ocrx_word' id='word_1_151' title='bbox 151 1438 153 1440; x_wconf 96' lang='lat'>·</span> <span class='ocrx_word' id='word_1_152' title='bbox 196 1424 249 1453; x_wconf 78' lang='grc' dir='ltr'>Καὶ</span> <span class='ocrx_word' id='word_1_153' title='bbox 273 1423 436 1464; x_wconf 75' lang='grc' dir='ltr'><strong><em>Βυζαντίους</em></strong></span> <span class='ocrx_word' id='word_1_154' title='bbox 458 1426 592 1463; x_wconf 71' lang='grc' dir='ltr'>κατάγειν</span> <span class='ocrx_word' id='word_1_155' title='bbox 606 1427 646 1455; x_wconf 71' lang='grc' dir='ltr'>’τὰ</span> <span class='ocrx_word' id='word_1_156' title='bbox 662 1425 774 1464; x_wconf 61' lang='grc' dir='ltr'>πλοῖα]</span> <span class='ocrx_word' id='word_1_157' title='bbox 801 1425 863 1463; x_wconf 83' lang='lat' dir='ltr'>By-</span> 
     </span>
     <span class='ocr_line' id='line_1_25' title="bbox 153 1467 865 1506; baseline 0 -11"><span class='ocrx_word' id='word_1_158' title='bbox 153 1467 265 1496; x_wconf 74' lang='lat' dir='ltr'>zantini</span> <span class='ocrx_word' id='word_1_159' title='bbox 283 1477 403 1506; x_wconf 89' lang='lat' dir='ltr'>quoque</span> <span class='ocrx_word' id='word_1_160' title='bbox 421 1469 607 1503; x_wconf 72' lang='lat' dir='ltr'>defecerant,</span> <span class='ocrx_word' id='word_1_161' title='bbox 622 1473 651 1496; x_wconf 86' lang='lat' dir='ltr'>et</span> <span class='ocrx_word' id='word_1_162' title='bbox 668 1478 735 1497; x_wconf 88' lang='lat' dir='ltr'>cum</span> <span class='ocrx_word' id='word_1_163' title='bbox 751 1467 865 1496; x_wconf 86' lang='lat' dir='ltr'>insula-</span> 
     </span>
     <span class='ocr_line' id='line_1_26' title="bbox 154 1509 866 1540; baseline 0.003 -3"><span class='ocrx_word' id='word_1_164' title='bbox 154 1509 238 1538; x_wconf 88' lang='lat' dir='ltr'>ribus</span> <span class='ocrx_word' id='word_1_165' title='bbox 256 1514 341 1539; x_wconf 87' lang='lat' dir='ltr'>erant</span> <span class='ocrx_word' id='word_1_166' title='bbox 356 1511 497 1540; x_wconf 81' lang='lat' dir='ltr'>foederati</span> <span class='ocrx_word' id='word_1_167' title='bbox 513 1511 541 1539; x_wconf 91' lang='lat' dir='ltr'>in</span> <span class='ocrx_word' id='word_1_168' title='bbox 560 1511 640 1539; x_wconf 89' lang='lat' dir='ltr'>bello</span> <span class='ocrx_word' id='word_1_169' title='bbox 663 1509 778 1539; x_wconf 85' lang='lat' dir='ltr'>sociali.</span> <span class='ocrx_word' id='word_1_170' title='bbox 825 1512 866 1539; x_wconf 87' lang='lat' dir='ltr'>At</span> 
     </span>
     <span class='ocr_line' id='line_1_27' title="bbox 154 1552 866 1592; baseline 0.001 -12"><span class='ocrx_word' id='word_1_171' title='bbox 154 1557 301 1590; x_wconf 76' lang='lat' dir='ltr'>quatenus</span> <span class='ocrx_word' id='word_1_172' title='bbox 315 1552 489 1583; x_wconf 83' lang='lat' dir='ltr'>istiusmodi</span> <span class='ocrx_word' id='word_1_173' title='bbox 504 1553 631 1592; x_wconf 84' lang='lat' dir='ltr'>injurias</span> <span class='ocrx_word' id='word_1_174' title='bbox 654 1553 793 1587; x_wconf 81' lang='lat' dir='ltr'>fecerint,</span> <span class='ocrx_word' id='word_1_175' title='bbox 814 1557 866 1581; x_wconf 89' lang='lat' dir='ltr'>aut</span> 
     </span>
     <span class='ocr_line' id='line_1_28' title="bbox 153 1595 865 1634; baseline 0.003 -12"><span class='ocrx_word' id='word_1_176' title='bbox 153 1595 234 1623; x_wconf 87' lang='lat' dir='ltr'>unde</span> <span class='ocrx_word' id='word_1_177' title='bbox 254 1595 312 1624; x_wconf 85' lang='lat' dir='ltr'>fuit</span> <span class='ocrx_word' id='word_1_178' title='bbox 328 1597 409 1634; x_wconf 88' lang='lat' dir='ltr'>quod</span> <span class='ocrx_word' id='word_1_179' title='bbox 432 1597 461 1625; x_wconf 94' lang='lat' dir='ltr'>id</span> <span class='ocrx_word' id='word_1_180' title='bbox 487 1596 608 1634; x_wconf 87' lang='lat' dir='ltr'>impune</span> <span class='ocrx_word' id='word_1_181' title='bbox 631 1596 769 1631; x_wconf 86' lang='lat' dir='ltr'>tulerint,</span> <span class='ocrx_word' id='word_1_182' title='bbox 784 1595 865 1624; x_wconf 82' lang='lat' dir='ltr'>haud</span> 
     </span>
     <span class='ocr_line' id='line_1_29' title="bbox 155 1637 867 1678; baseline 0.001 -13"><span class='ocrx_word' id='word_1_183' title='bbox 155 1642 283 1666; x_wconf 79' lang='lat' dir='ltr'>constat.</span> <span class='ocrx_word' id='word_1_184' title='bbox 315 1638 359 1667; x_wconf 65' lang='grc' dir='ltr'>ΕΤ</span> <span class='ocrx_word' id='word_1_185' title='bbox 374 1640 443 1668; x_wconf 76' lang='lat' dir='ltr'>edit.</span> <span class='ocrx_word' id='word_1_186' title='bbox 460 1641 580 1668; x_wconf 66' lang='lat' dir='ltr'>Sa-ocx.</span> <span class='ocrx_word' id='word_1_187' title='bbox 614 1638 751 1678; x_wconf 82' lang='lat' dir='ltr'>Hesych.</span> <span class='ocrx_word' id='word_1_188' title='bbox 772 1637 808 1670; x_wconf 85' lang='grc' dir='ltr'>εἷς</span> <span class='ocrx_word' id='word_1_189' title='bbox 820 1637 867 1667; x_wconf 73' lang='grc' dir='ltr'>τὸν</span> 
     </span>
     <span class='ocr_line' id='line_1_30' title="bbox 154 1679 866 1719; baseline 0.001 -11"><span class='ocrx_word' id='word_1_190' title='bbox 154 1679 343 1718; x_wconf 63' lang='grc' dir='ltr'><em>ναύσταθμον</em></span> <span class='ocrx_word' id='word_1_191' title='bbox 363 1681 448 1719; x_wconf 73' lang='grc' dir='ltr'>ἄγειν.</span> <span class='ocrx_word' id='word_1_192' title='bbox 494 1682 697 1710; x_wconf 86' lang='lat' dir='ltr'>Deduxeruut</span> <span class='ocrx_word' id='word_1_193' title='bbox 719 1691 811 1710; x_wconf 85' lang='lat' dir='ltr'>naves</span> <span class='ocrx_word' id='word_1_194' title='bbox 827 1681 866 1709; x_wconf 88' lang='lat' dir='ltr'>ad</span> 
     </span>
     <span class='ocr_line' id='line_1_31' title="bbox 156 1723 866 1763; baseline 0.001 -12"><span class='ocrx_word' id='word_1_195' title='bbox 156 1731 249 1757; x_wconf 85' lang='lat' dir='ltr'>oram,</span> <span class='ocrx_word' id='word_1_196' title='bbox 266 1727 318 1752; x_wconf 89' lang='lat' dir='ltr'>aut</span> <span class='ocrx_word' id='word_1_197' title='bbox 333 1728 368 1752; x_wconf 86' lang='lat' dir='ltr'>ut</span> <span class='ocrx_word' id='word_1_198' title='bbox 383 1724 454 1753; x_wconf 90' lang='lat' dir='ltr'>inde</span> <span class='ocrx_word' id='word_1_199' title='bbox 469 1734 587 1753; x_wconf 84' lang='lat' dir='ltr'>merces</span> <span class='ocrx_word' id='word_1_200' title='bbox 611 1729 763 1753; x_wconf 84' lang='lat' dir='ltr'>sumerent</span> <span class='ocrx_word' id='word_1_201' title='bbox 784 1723 866 1763; x_wconf 86' lang='lat' dir='ltr'>(No-</span> 
     </span>
     <span class='ocr_line' id='line_1_32' title="bbox 157 1765 866 1805; baseline 0.003 -12"><span class='ocrx_word' id='word_1_202' title='bbox 157 1770 218 1793; x_wconf 88' lang='lat' dir='ltr'>ster</span> <span class='ocrx_word' id='word_1_203' title='bbox 239 1765 269 1794; x_wconf 94' lang='lat' dir='ltr'>in</span> <span class='ocrx_word' id='word_1_204' title='bbox 288 1766 404 1805; x_wconf 88' lang='lat' dir='ltr'>Polycl.</span> <span class='ocrx_word' id='word_1_205' title='bbox 421 1777 451 1804; x_wconf 87' lang='lat' dir='ltr'>p.</span> <span class='ocrx_word' id='word_1_206' title='bbox 469 1769 565 1802; x_wconf 73' lang='lat'>1207,</span> <span class='ocrx_word' id='word_1_207' title='bbox 579 1769 630 1797; x_wconf 75' lang='lat'>27.</span> <span class='ocrx_word' id='word_1_208' title='bbox 647 1767 697 1796; x_wconf 90' lang='lat' dir='ltr'>ed.</span> <span class='ocrx_word' id='word_1_209' title='bbox 719 1765 793 1802; x_wconf 68' lang='lat' dir='ltr'>R),</span> <span class='ocrx_word' id='word_1_210' title='bbox 815 1771 866 1795; x_wconf 89' lang='lat' dir='ltr'>aut</span> 
     </span>
     <span class='ocr_line' id='line_1_33' title="bbox 155 1809 867 1849; baseline 0.001 -13"><span class='ocrx_word' id='word_1_211' title='bbox 155 1811 190 1836; x_wconf 86' lang='lat' dir='ltr'>ut</span> <span class='ocrx_word' id='word_1_212' title='bbox 206 1812 290 1837; x_wconf 73' lang='lat' dir='ltr'>certa</span> <span class='ocrx_word' id='word_1_213' title='bbox 307 1809 470 1847; x_wconf 84' lang='lat' dir='ltr'>vectigalia</span> <span class='ocrx_word' id='word_1_214' title='bbox 493 1814 591 1838; x_wconf 79' lang='lat' dir='ltr'>nautae</span> <span class='ocrx_word' id='word_1_215' title='bbox 617 1811 794 1849; x_wconf 80' lang='lat' dir='ltr'>penderent,</span> <span class='ocrx_word' id='word_1_216' title='bbox 814 1809 867 1837; x_wconf 78' lang='lat' dir='ltr'>dus</span> 
     </span>
     <span class='ocr_line' id='line_1_34' title="bbox 157 1849 866 1891; baseline 0.004 -13"><span class='ocrx_word' id='word_1_217' title='bbox 157 1849 337 1887; x_wconf 80' lang='lat' dir='ltr'>Stapelrecht</span> <span class='ocrx_word' id='word_1_218' title='bbox 360 1853 489 1882; x_wconf 63' lang='lat' dir='ltr'>ausuben</span> <span class='ocrx_word' id='word_1_219' title='bbox 511 1852 553 1891; x_wconf 74' lang='lat' dir='ltr'>[lo</span> <span class='ocrx_word' id='word_1_220' title='bbox 567 1854 686 1882; x_wconf 76' lang='lat' dir='ltr'>exercise</span> <span class='ocrx_word' id='word_1_221' title='bbox 701 1852 748 1882; x_wconf 82' lang='lat' dir='ltr'>the</span> <span class='ocrx_word' id='word_1_222' title='bbox 763 1851 866 1889; x_wconf 79' lang='lat' dir='ltr'>staple-</span> 
     </span>
     <span class='ocr_line' id='line_1_35' title="bbox 155 1892 866 1932; baseline 0.003 -11"><span class='ocrx_word' id='word_1_223' title='bbox 155 1892 251 1932; x_wconf 76' lang='lat' dir='ltr'>right]</span> <span class='ocrx_word' id='word_1_224' title='bbox 268 1893 374 1932; x_wconf 58' lang='lat' dir='ltr'>(Irept.</span> <span class='ocrx_word' id='word_1_225' title='bbox 390 1898 465 1930; x_wconf 80' lang='lat'>480,</span> <span class='ocrx_word' id='word_1_226' title='bbox 483 1894 558 1932; x_wconf 81' lang='lat'><strong>15.).</strong></span> <span class='ocrx_word' id='word_1_227' title='bbox 604 1896 667 1924; x_wconf 79' lang='lat' dir='ltr'>Hic</span> <span class='ocrx_word' id='word_1_228' title='bbox 690 1904 795 1924; x_wconf 87' lang='lat' dir='ltr'>sensus</span> <span class='ocrx_word' id='word_1_229' title='bbox 813 1905 866 1923; x_wconf 90' lang='lat' dir='ltr'>no-</span> 
     </span>
     <span class='ocr_line' id='line_1_36' title="bbox 156 1936 866 1976; baseline 0.003 -13"><span class='ocrx_word' id='word_1_230' title='bbox 156 1936 211 1964; x_wconf 83' lang='lat' dir='ltr'>stri</span> <span class='ocrx_word' id='word_1_231' title='bbox 225 1936 296 1964; x_wconf 88' lang='lat' dir='ltr'>loci.</span> <span class='ocrx_word' id='word_1_232' title='bbox 324 1936 402 1965; x_wconf 89' lang='lat' dir='ltr'>Nam</span> <span class='ocrx_word' id='word_1_233' title='bbox 419 1948 510 1976; x_wconf 87' lang='lat' dir='ltr'>quum</span> <span class='ocrx_word' id='word_1_234' title='bbox 529 1938 728 1966; x_wconf 78' lang='lat' dir='ltr'>Athenienses</span> <span class='ocrx_word' id='word_1_235' title='bbox 742 1948 757 1965; x_wconf 87' lang='lat' dir='ltr'>e</span> <span class='ocrx_word' id='word_1_236' title='bbox 771 1937 866 1965; x_wconf 85' lang='lat' dir='ltr'>Cher-</span> 
     </span>
     <span class='ocr_line' id='line_1_37' title="bbox 157 1979 869 2018; baseline 0.001 -12"><span class='ocrx_word' id='word_1_237' title='bbox 157 1987 268 2007; x_wconf 85' lang='lat' dir='ltr'>soneso</span> <span class='ocrx_word' id='word_1_238' title='bbox 306 1979 435 2008; x_wconf 87' lang='lat' dir='ltr'>Taurica</span> <span class='ocrx_word' id='word_1_239' title='bbox 471 1981 621 2009; x_wconf 77' lang='lat' dir='ltr'>frumenta</span> <span class='ocrx_word' id='word_1_240' title='bbox 657 1980 869 2018; x_wconf 86' lang='lat' dir='ltr'>importarent,</span> 
     </span>
     <span class='ocr_line' id='line_1_38' title="bbox 157 2020 868 2061; baseline 0.003 -12"><span class='ocrx_word' id='word_1_241' title='bbox 157 2030 239 2058; x_wconf 84' lang='lat' dir='ltr'>saepe</span> <span class='ocrx_word' id='word_1_242' title='bbox 253 2020 351 2054; x_wconf 80' lang='lat' dir='ltr'>fiebat,</span> <span class='ocrx_word' id='word_1_243' title='bbox 367 2027 397 2050; x_wconf 77' lang='lat' dir='ltr'>ut</span> <span class='ocrx_word' id='word_1_244' title='bbox 416 2023 562 2060; x_wconf 77' lang='lat' dir='ltr'>Byzantii,</span> <span class='ocrx_word' id='word_1_245' title='bbox 578 2033 702 2061; x_wconf 86' lang='lat' dir='ltr'>quorum</span> <span class='ocrx_word' id='word_1_246' title='bbox 720 2023 792 2051; x_wconf 88' lang='lat' dir='ltr'>urbs</span> <span class='ocrx_word' id='word_1_247' title='bbox 810 2021 868 2051; x_wconf 88' lang='lat' dir='ltr'>sita</span> 
     </span>
     <span class='ocr_line' id='line_1_39' title="bbox 157 2063 864 2101; baseline 0.003 -10"><span class='ocrx_word' id='word_1_248' title='bbox 157 2067 203 2091; x_wconf 86' lang='lat' dir='ltr'>est</span> <span class='ocrx_word' id='word_1_249' title='bbox 217 2063 255 2092; x_wconf 87' lang='lat' dir='ltr'>ad</span> <span class='ocrx_word' id='word_1_250' title='bbox 272 2063 444 2101; x_wconf 86' lang='lat' dir='ltr'>Bosporum</span> <span class='ocrx_word' id='word_1_251' title='bbox 464 2065 637 2101; x_wconf 84' lang='lat' dir='ltr'>Thracium,</span> <span class='ocrx_word' id='word_1_252' title='bbox 660 2075 752 2094; x_wconf 88' lang='lat' dir='ltr'>naves</span> <span class='ocrx_word' id='word_1_253' title='bbox 769 2065 864 2093; x_wconf 82' lang='lat' dir='ltr'>dedu-</span> 
     </span>
     <span class='ocr_line' id='line_1_40' title="bbox 157 2106 863 2143; baseline 0.006 -10"><span class='ocrx_word' id='word_1_254' title='bbox 157 2109 270 2134; x_wconf 84' lang='lat' dir='ltr'>cerent.</span> <span class='ocrx_word' id='word_1_255' title='bbox 318 2106 399 2142; x_wconf 89' lang='lat' dir='ltr'>Quid</span> <span class='ocrx_word' id='word_1_256' title='bbox 416 2108 455 2137; x_wconf 87' lang='lat' dir='ltr'>sit</span> <span class='ocrx_word' id='word_1_257' title='bbox 475 2109 588 2143; x_wconf 66' lang='grc' dir='ltr'>νωλοῖον,</span> <span class='ocrx_word' id='word_1_258' title='bbox 606 2109 669 2137; x_wconf 85' lang='lat' dir='ltr'>vid.</span> <span class='ocrx_word' id='word_1_259' title='bbox 686 2109 724 2137; x_wconf 91' lang='lat' dir='ltr'>ad</span> <span class='ocrx_word' id='word_1_260' title='bbox 740 2106 821 2137; x_wconf 54' lang='lat' dir='ltr'>Phil.</span> <span class='ocrx_word' id='word_1_261' title='bbox 837 2108 863 2137; x_wconf 90' lang='lat'>1.</span> 
     </span>
     <span class='ocr_line' id='line_1_41' title="bbox 156 2147 384 2186; baseline 0.004 -9"><span class='ocrx_word' id='word_1_262' title='bbox 156 2147 182 2186; x_wconf 56' lang='grc' dir='ltr'>ᾧ,</span> <span class='ocrx_word' id='word_1_263' title='bbox 199 2147 235 2186; x_wconf 82' lang='grc' dir='ltr'>ζ’.</span> <span class='ocrx_word' id='word_1_264' title='bbox 259 2147 384 2178; x_wconf 82' lang='lat' dir='ltr'>Riiolc.</span> 
     </span>
    </p>

    <p class='ocr_par' dir='ltr' id='par_1_7' title="bbox 201 2190 866 2233">
     <span class='ocr_line' id='line_1_42' title="bbox 201 2190 866 2233; baseline 0.003 -12"><span class='ocrx_word' id='word_1_265' title='bbox 201 2190 301 2221; x_wconf 75' lang='grc' dir='ltr'><em>Οὐκοῦν</em></span> <span class='ocrx_word' id='word_1_266' title='bbox 315 2191 403 2226; x_wconf 73' lang='grc' dir='ltr'>εὔηθες</span> <span class='ocrx_word' id='word_1_267' title='bbox 415 2203 442 2222; x_wconf 75' lang='grc' dir='ltr'>κ.</span> <span class='ocrx_word' id='word_1_268' title='bbox 455 2204 484 2222; x_wconf 81' lang='grc' dir='ltr'>τ.</span> <span class='ocrx_word' id='word_1_269' title='bbox 497 2193 541 2233; x_wconf 82' lang='grc' dir='ltr'>λ.]</span> <span class='ocrx_word' id='word_1_270' title='bbox 569 2193 675 2222; x_wconf 74' lang='lat' dir='ltr'>Annon</span> <span class='ocrx_word' id='word_1_271' title='bbox 689 2194 784 2233; x_wconf 82' lang='lat' dir='ltr'>igitur</span> <span class='ocrx_word' id='word_1_272' title='bbox 793 2193 866 2223; x_wconf 81' lang='lat' dir='ltr'>stul-</span> 
     </span>
    </p>
   </div>
   <div class='ocr_carea' id='block_1_6' title="bbox 190 2990 305 3010">
    <p class='ocr_par' dir='ltr' id='par_1_8' title="bbox 190 2990 305 3010">
     <span class='ocr_line' id='line_1_43' title="bbox 190 2990 305 3010; baseline -0.026 0"><span class='ocrx_word' id='word_1_273' title='bbox 190 2990 266 3010; x_wconf 57' lang='lat' dir='ltr'>vol„-</span> <span class='ocrx_word' id='word_1_274' title='bbox 284 2990 305 3007; x_wconf 83' lang='lat'>1.</span> 
     </span>
    </p>
   </div>
   <div class='ocr_carea' id='block_1_7' title="bbox 889 826 1638 2189">
    <p class='ocr_par' dir='ltr' id='par_1_9' title="bbox 898 826 1638 1242">
     <span class='ocr_line' id='line_1_44' title="bbox 900 826 1608 866; baseline -0.004 -7"><span class='ocrx_word' id='word_1_275' title='bbox 900 835 964 859; x_wconf 86' lang='lat' dir='ltr'>tum</span> <span class='ocrx_word' id='word_1_276' title='bbox 980 839 1014 859; x_wconf 86' lang='lat' dir='ltr'>ac</span> <span class='ocrx_word' id='word_1_277' title='bbox 1030 828 1210 860; x_wconf 81' lang='lat' dir='ltr'>vehementer</span> <span class='ocrx_word' id='word_1_278' title='bbox 1228 828 1376 863; x_wconf 81' lang='lat' dir='ltr'>miserum,</span> <span class='ocrx_word' id='word_1_279' title='bbox 1399 827 1534 866; x_wconf 79' lang='lat' dir='ltr'>singulas</span> <span class='ocrx_word' id='word_1_280' title='bbox 1554 826 1608 856; x_wconf 85' lang='lat' dir='ltr'>ad·</span> 
     </span>
     <span class='ocr_line' id='line_1_45' title="bbox 898 869 1638 912; baseline -0.007 -10"><span class='ocrx_word' id='word_1_281' title='bbox 898 882 995 902; x_wconf 84' lang='lat' dir='ltr'>versus</span> <span class='ocrx_word' id='word_1_282' title='bbox 1010 873 1143 912; x_wconf 82' lang='lat' dir='ltr'>singulas</span> <span class='ocrx_word' id='word_1_283' title='bbox 1158 873 1329 905; x_wconf 83' lang='lat' dir='ltr'>commissas,</span> <span class='ocrx_word' id='word_1_284' title='bbox 1340 871 1375 899; x_wconf 80' lang='lat' dir='ltr'>de</span> <span class='ocrx_word' id='word_1_285' title='bbox 1389 870 1475 899; x_wconf 83' lang='lat' dir='ltr'>rebus</span> <span class='ocrx_word' id='word_1_286' title='bbox 1486 869 1611 908; x_wconf 78' lang='lat' dir='ltr'>propriis</span> <span class='ocrx_word' id='word_1_287' title='bbox 1632 879 1638 883; x_wconf 81' lang='grc'><em>·</em></span> 
     </span>
     <span class='ocr_line' id='line_1_46' title="bbox 898 912 1610 948; baseline -0.004 -5"><span class='ocrx_word' id='word_1_288' title='bbox 898 926 933 943; x_wconf 82' lang='lat' dir='ltr'>ac</span> <span class='ocrx_word' id='word_1_289' title='bbox 948 915 1068 943; x_wconf 62' lang='lat' dir='ltr'>maxime</span> <span class='ocrx_word' id='word_1_290' title='bbox 1079 915 1253 948; x_wconf 73' lang='lat' dir='ltr'>necessariis,</span> <span class='ocrx_word' id='word_1_291' title='bbox 1262 923 1328 942; x_wconf 83' lang='lat' dir='ltr'>cum</span> <span class='ocrx_word' id='word_1_292' title='bbox 1340 913 1481 941; x_wconf 76' lang='lat' dir='ltr'>universis</span> <span class='ocrx_word' id='word_1_293' title='bbox 1496 912 1532 941; x_wconf 84' lang='lat' dir='ltr'>de</span> <span class='ocrx_word' id='word_1_294' title='bbox 1543 922 1610 940; x_wconf 85' lang='lat' dir='ltr'>um-</span> 
     </span>
     <span class='ocr_line' id='line_1_47' title="bbox 899 954 1609 994; baseline -0.003 -9"><span class='ocrx_word' id='word_1_295' title='bbox 899 957 951 985; x_wconf 84' lang='lat' dir='ltr'>bra</span> <span class='ocrx_word' id='word_1_296' title='bbox 965 955 1109 993; x_wconf 78' lang='lat' dir='ltr'>Delphica</span> <span class='ocrx_word' id='word_1_297' title='bbox 1124 966 1205 984; x_wconf 76' lang='lat' dir='ltr'>nunc</span> <span class='ocrx_word' id='word_1_298' title='bbox 1217 955 1406 994; x_wconf 76' lang='lat' dir='ltr'>depugnare?</span> <span class='ocrx_word' id='word_1_299' title='bbox 1435 954 1556 983; x_wconf 89' lang='lat' dir='ltr'>Alludit</span> <span class='ocrx_word' id='word_1_300' title='bbox 1571 954 1609 983; x_wconf 90' lang='lat' dir='ltr'>ad</span> 
     </span>
     <span class='ocr_line' id='line_1_48' title="bbox 898 997 1613 1037; baseline -0.004 -9"><span class='ocrx_word' id='word_1_301' title='bbox 898 998 1108 1037; x_wconf 84' lang='lat' dir='ltr'>proverbium,</span> <span class='ocrx_word' id='word_1_302' title='bbox 1125 1003 1132 1014; x_wconf 89' lang='lat'><em>‘</em></span> <span class='ocrx_word' id='word_1_303' title='bbox 1147 999 1194 1027; x_wconf 90' lang='lat' dir='ltr'>De</span> <span class='ocrx_word' id='word_1_304' title='bbox 1212 997 1298 1027; x_wconf 86' lang='lat' dir='ltr'>Asini</span> <span class='ocrx_word' id='word_1_305' title='bbox 1314 997 1441 1032; x_wconf 87' lang='lat' dir='ltr'>umbra,&#39;</span> <span class='ocrx_word' id='word_1_306' title='bbox 1457 998 1546 1035; x_wconf 83' lang='lat' dir='ltr'>cujus</span> <span class='ocrx_word' id='word_1_307' title='bbox 1569 997 1613 1026; x_wconf 84' lang='lat' dir='ltr'>fa-</span> 
     </span>
     <span class='ocr_line' id='line_1_49' title="bbox 899 1039 1612 1071; baseline -0.003 -1"><span class='ocrx_word' id='word_1_308' title='bbox 899 1042 1000 1071; x_wconf 89' lang='lat' dir='ltr'>bulam</span> <span class='ocrx_word' id='word_1_309' title='bbox 1018 1041 1200 1070; x_wconf 84' lang='lat' dir='ltr'>Plutarchus</span> <span class='ocrx_word' id='word_1_310' title='bbox 1215 1040 1243 1069; x_wconf 91' lang='lat' dir='ltr'>in</span> <span class='ocrx_word' id='word_1_311' title='bbox 1256 1040 1416 1069; x_wconf 75' lang='lat' dir='ltr'>Demosth.</span> <span class='ocrx_word' id='word_1_312' title='bbox 1428 1039 1491 1069; x_wconf 86' lang='lat' dir='ltr'>vita</span> <span class='ocrx_word' id='word_1_313' title='bbox 1506 1049 1612 1069; x_wconf 88' lang='lat' dir='ltr'>recen-</span> 
     </span>
     <span class='ocr_line' id='line_1_50' title="bbox 899 1082 1612 1120; baseline -0.004 -7"><span class='ocrx_word' id='word_1_314' title='bbox 899 1089 956 1120; x_wconf 82' lang='lat' dir='ltr'>set,</span> <span class='ocrx_word' id='word_1_315' title='bbox 972 1084 1002 1113; x_wconf 90' lang='lat' dir='ltr'>in</span> <span class='ocrx_word' id='word_1_316' title='bbox 1026 1084 1083 1113; x_wconf 84' lang='lat' dir='ltr'>hoo</span> <span class='ocrx_word' id='word_1_317' title='bbox 1105 1089 1220 1113; x_wconf 83' lang='lat' dir='ltr'>tantum</span> <span class='ocrx_word' id='word_1_318' title='bbox 1238 1093 1255 1112; x_wconf 94' lang='lat' dir='ltr'>a</span> <span class='ocrx_word' id='word_1_319' title='bbox 1270 1082 1478 1111; x_wconf 85' lang='lat' dir='ltr'>Demosthene</span> <span class='ocrx_word' id='word_1_320' title='bbox 1494 1083 1612 1111; x_wconf 85' lang='lat' dir='ltr'>dissen-</span> 
     </span>
     <span class='ocr_line' id='line_1_51' title="bbox 898 1124 1610 1166; baseline -0.004 -10"><span class='ocrx_word' id='word_1_321' title='bbox 898 1127 990 1162; x_wconf 87' lang='lat' dir='ltr'>tiens,</span> <span class='ocrx_word' id='word_1_322' title='bbox 1018 1127 1099 1166; x_wconf 89' lang='lat' dir='ltr'>quod</span> <span class='ocrx_word' id='word_1_323' title='bbox 1125 1126 1175 1156; x_wconf 90' lang='lat' dir='ltr'>hic</span> <span class='ocrx_word' id='word_1_324' title='bbox 1201 1125 1353 1165; x_wconf 90' lang='lat' dir='ltr'>Delphos,</span> <span class='ocrx_word' id='word_1_325' title='bbox 1380 1126 1536 1162; x_wconf 83' lang='lat' dir='ltr'>Megaram</span> <span class='ocrx_word' id='word_1_326' title='bbox 1558 1124 1610 1154; x_wconf 86' lang='lat' dir='ltr'>ille</span> 
     </span>
     <span class='ocr_line' id='line_1_52' title="bbox 899 1167 1610 1199; baseline -0.001 -1"><span class='ocrx_word' id='word_1_327' title='bbox 899 1170 1083 1199; x_wconf 88' lang='lat' dir='ltr'>conductum</span> <span class='ocrx_word' id='word_1_328' title='bbox 1100 1168 1152 1198; x_wconf 86' lang='lat' dir='ltr'>ait.</span> <span class='ocrx_word' id='word_1_329' title='bbox 1186 1169 1281 1198; x_wconf 89' lang='lat' dir='ltr'>Plura</span> <span class='ocrx_word' id='word_1_330' title='bbox 1297 1169 1416 1198; x_wconf 83' lang='lat' dir='ltr'>Erasm.</span> <span class='ocrx_word' id='word_1_331' title='bbox 1431 1167 1462 1196; x_wconf 89' lang='lat' dir='ltr'>in</span> <span class='ocrx_word' id='word_1_332' title='bbox 1478 1167 1610 1197; x_wconf 84' lang='lat' dir='ltr'>Chiliad.</span> 
     </span>
     <span class='ocr_line' id='line_1_53' title="bbox 900 1212 1226 1242; baseline -0.003 -1"><span class='ocrx_word' id='word_1_333' title='bbox 900 1212 1029 1242; x_wconf 73' lang='lat' dir='ltr'>Exedit.</span> <span class='ocrx_word' id='word_1_334' title='bbox 1060 1213 1226 1242; x_wconf 74' lang='lat' dir='ltr'>HEnvAG.</span> 
     </span>
    </p>

    <p class='ocr_par' dir='ltr' id='par_1_10' title="bbox 899 1252 1611 1336">
     <span class='ocr_line' id='line_1_54' title="bbox 942 1252 1611 1293; baseline -0.003 -10"><span class='ocrx_word' id='word_1_335' title='bbox 942 1252 1053 1284; x_wconf 78' lang='grc' dir='ltr'><em>Οἲκείων</em></span> <span class='ocrx_word' id='word_1_336' title='bbox 1075 1253 1124 1283; x_wconf 74' lang='grc' dir='ltr'>καὶ</span> <span class='ocrx_word' id='word_1_337' title='bbox 1149 1252 1397 1293; x_wconf 72' lang='grc' dir='ltr'>ἀναγκαιοτάτων]</span> <span class='ocrx_word' id='word_1_338' title='bbox 1422 1252 1506 1282; x_wconf 89' lang='lat' dir='ltr'>Illud</span> <span class='ocrx_word' id='word_1_339' title='bbox 1531 1253 1611 1282; x_wconf 85' lang='lat' dir='ltr'>refer</span> 
     </span>
     <span class='ocr_line' id='line_1_55' title="bbox 899 1294 1498 1336; baseline -0.002 -11"><span class='ocrx_word' id='word_1_340' title='bbox 899 1297 934 1326; x_wconf 90' lang='lat' dir='ltr'>ad</span> <span class='ocrx_word' id='word_1_341' title='bbox 953 1297 1149 1336; x_wconf 84' lang='lat' dir='ltr'>oppida,hoc</span> <span class='ocrx_word' id='word_1_342' title='bbox 1165 1297 1203 1325; x_wconf 90' lang='lat' dir='ltr'>ad</span> <span class='ocrx_word' id='word_1_343' title='bbox 1222 1296 1347 1325; x_wconf 84' lang='lat' dir='ltr'>victum.</span> <span class='ocrx_word' id='word_1_344' title='bbox 1372 1294 1498 1324; x_wconf 71' lang='lat' dir='ltr'>Riimo.</span> 
     </span>
    </p>

    <p class='ocr_par' dir='ltr' id='par_1_11' title="bbox 889 1337 1615 2189">
     <span class='ocr_line' id='line_1_56' title="bbox 941 1337 1612 1380; baseline -0.003 -12"><span class='ocrx_word' id='word_1_345' title='bbox 941 1340 1003 1380; x_wconf 83' lang='grc' dir='ltr'>Περὶ</span> <span class='ocrx_word' id='word_1_346' title='bbox 1028 1341 1078 1373; x_wconf 68' lang='grc' dir='ltr'><strong><em>’τ’ἤς</em></strong></span> <span class='ocrx_word' id='word_1_347' title='bbox 1100 1338 1126 1368; x_wconf 82' lang='grc' dir='ltr'>ἐν</span> <span class='ocrx_word' id='word_1_348' title='bbox 1148 1339 1269 1378; x_wconf 73' lang='grc' dir='ltr'>Δελφοῖς</span> <span class='ocrx_word' id='word_1_349' title='bbox 1291 1338 1390 1377; x_wconf 69' lang='grc' dir='ltr'>σκιᾶς]</span> <span class='ocrx_word' id='word_1_350' title='bbox 1413 1338 1466 1367; x_wconf 84' lang='lat' dir='ltr'>Sic</span> <span class='ocrx_word' id='word_1_351' title='bbox 1484 1337 1612 1376; x_wconf 88' lang='lat' dir='ltr'>Amphi-</span> 
     </span>
     <span class='ocr_line' id='line_1_57' title="bbox 898 1382 1613 1421; baseline -0.001 -10"><span class='ocrx_word' id='word_1_352' title='bbox 898 1382 1050 1421; x_wconf 85' lang='lat' dir='ltr'>ctyoniam</span> <span class='ocrx_word' id='word_1_353' title='bbox 1067 1392 1119 1411; x_wconf 87' lang='lat' dir='ltr'>seu</span> <span class='ocrx_word' id='word_1_354' title='bbox 1139 1382 1271 1419; x_wconf 77' lang='lat' dir='ltr'>Pylaeam</span> <span class='ocrx_word' id='word_1_355' title='bbox 1284 1391 1340 1419; x_wconf 86' lang='lat' dir='ltr'>per</span> <span class='ocrx_word' id='word_1_356' title='bbox 1355 1385 1541 1410; x_wconf 86' lang='lat' dir='ltr'>contemtum</span> <span class='ocrx_word' id='word_1_357' title='bbox 1559 1391 1613 1419; x_wconf 88' lang='lat' dir='ltr'>ap-</span> 
     </span>
     <span class='ocr_line' id='line_1_58' title="bbox 897 1421 1612 1463; baseline -0.001 -10"><span class='ocrx_word' id='word_1_358' title='bbox 897 1425 1003 1463; x_wconf 89' lang='lat' dir='ltr'>pellat.</span> <span class='ocrx_word' id='word_1_359' title='bbox 1048 1423 1168 1453; x_wconf 83' lang='lat' dir='ltr'>Alludit</span> <span class='ocrx_word' id='word_1_360' title='bbox 1185 1427 1284 1453; x_wconf 86' lang='lat' dir='ltr'>autem</span> <span class='ocrx_word' id='word_1_361' title='bbox 1300 1424 1336 1452; x_wconf 88' lang='lat' dir='ltr'>ad</span> <span class='ocrx_word' id='word_1_362' title='bbox 1353 1421 1409 1452; x_wconf 66' lang='grc' dir='ltr'><em>ὄνου</em></span> <span class='ocrx_word' id='word_1_363' title='bbox 1428 1423 1528 1452; x_wconf 69' lang='grc' dir='ltr'><em>σκιάνι</em></span> <span class='ocrx_word' id='word_1_364' title='bbox 1554 1422 1612 1452; x_wconf 84' lang='lat' dir='ltr'>etsi</span> 
     </span>
     <span class='ocr_line' id='line_1_59' title="bbox 899 1465 1613 1506; baseline -0.004 -10"><span class='ocrx_word' id='word_1_365' title='bbox 899 1467 972 1506; x_wconf 85' lang='lat' dir='ltr'>quid</span> <span class='ocrx_word' id='word_1_366' title='bbox 997 1470 1043 1496; x_wconf 87' lang='lat' dir='ltr'>est</span> <span class='ocrx_word' id='word_1_367' title='bbox 1060 1466 1144 1496; x_wconf 84' lang='lat' dir='ltr'>aliud</span> <span class='ocrx_word' id='word_1_368' title='bbox 1167 1476 1301 1495; x_wconf 87' lang='lat' dir='ltr'>summus</span> <span class='ocrx_word' id='word_1_369' title='bbox 1320 1465 1371 1494; x_wconf 89' lang='lat' dir='ltr'>ille</span> <span class='ocrx_word' id='word_1_370' title='bbox 1385 1475 1549 1494; x_wconf 85' lang='lat' dir='ltr'>consessus</span> <span class='ocrx_word' id='word_1_371' title='bbox 1564 1476 1613 1494; x_wconf 89' lang='lat' dir='ltr'>re-</span> 
     </span>
     <span class='ocr_line' id='line_1_60' title="bbox 899 1507 1613 1549; baseline -0.003 -11"><span class='ocrx_word' id='word_1_372' title='bbox 899 1520 969 1549; x_wconf 90' lang='lat' dir='ltr'>gum</span> <span class='ocrx_word' id='word_1_373' title='bbox 992 1515 1022 1538; x_wconf 77' lang='lat' dir='ltr'>et</span> <span class='ocrx_word' id='word_1_374' title='bbox 1045 1509 1230 1547; x_wconf 81' lang='lat' dir='ltr'>principum,</span> <span class='ocrx_word' id='word_1_375' title='bbox 1252 1507 1310 1536; x_wconf 86' lang='lat' dir='ltr'>nisi</span> <span class='ocrx_word' id='word_1_376' title='bbox 1334 1508 1441 1536; x_wconf 88' lang='lat' dir='ltr'>umbra</span> <span class='ocrx_word' id='word_1_377' title='bbox 1463 1508 1613 1546; x_wconf 81' lang='lat' dir='ltr'>quaedain,</span> 
     </span>
     <span class='ocr_line' id='line_1_61' title="bbox 901 1550 1615 1589; baseline -0.004 -7"><span class='ocrx_word' id='word_1_378' title='bbox 901 1553 987 1582; x_wconf 89' lang='lat' dir='ltr'>brevi</span> <span class='ocrx_word' id='word_1_379' title='bbox 1004 1552 1187 1581; x_wconf 86' lang='lat' dir='ltr'>transitura?</span> <span class='ocrx_word' id='word_1_380' title='bbox 1213 1560 1279 1589; x_wconf 90' lang='lat' dir='ltr'>quae</span> <span class='ocrx_word' id='word_1_381' title='bbox 1302 1550 1352 1578; x_wconf 88' lang='lat' dir='ltr'>ubi</span> <span class='ocrx_word' id='word_1_382' title='bbox 1368 1551 1527 1588; x_wconf 69' lang='lat' dir='ltr'>praeteriit,</span> <span class='ocrx_word' id='word_1_383' title='bbox 1543 1561 1615 1588; x_wconf 87' lang='lat' dir='ltr'>per·</span> 
     </span>
     <span class='ocr_line' id='line_1_62' title="bbox 900 1592 1614 1631; baseline -0.003 -7"><span class='ocrx_word' id='word_1_384' title='bbox 900 1595 971 1624; x_wconf 89' lang='lat' dir='ltr'>inde</span> <span class='ocrx_word' id='word_1_385' title='bbox 996 1601 1053 1631; x_wconf 87' lang='lat' dir='ltr'>est,</span> <span class='ocrx_word' id='word_1_386' title='bbox 1076 1605 1110 1623; x_wconf 85' lang='lat' dir='ltr'>ac</span> <span class='ocrx_word' id='word_1_387' title='bbox 1136 1594 1162 1623; x_wconf 86' lang='lat' dir='ltr'>si</span> <span class='ocrx_word' id='word_1_388' title='bbox 1193 1593 1275 1622; x_wconf 86' lang='lat' dir='ltr'>nulla</span> <span class='ocrx_word' id='word_1_389' title='bbox 1299 1592 1417 1622; x_wconf 78' lang='lat' dir='ltr'>fuisset-</span> <span class='ocrx_word' id='word_1_390' title='bbox 1473 1593 1525 1622; x_wconf 85' lang='lat' dir='ltr'>Sic</span> <span class='ocrx_word' id='word_1_391' title='bbox 1550 1604 1614 1622; x_wconf 82' lang='lat' dir='ltr'>um-</span> 
     </span>
     <span class='ocr_line' id='line_1_63' title="bbox 900 1635 1613 1673; baseline -0.006 -6"><span class='ocrx_word' id='word_1_392' title='bbox 900 1639 956 1667; x_wconf 82' lang='lat' dir='ltr'>bra</span> <span class='ocrx_word' id='word_1_393' title='bbox 979 1639 1092 1667; x_wconf 84' lang='lat' dir='ltr'>umbrae</span> <span class='ocrx_word' id='word_1_394' title='bbox 1115 1636 1261 1670; x_wconf 84' lang='lat' dir='ltr'>succedit,</span> <span class='ocrx_word' id='word_1_395' title='bbox 1289 1635 1448 1673; x_wconf 85' lang='lat' dir='ltr'>Philippus</span> <span class='ocrx_word' id='word_1_396' title='bbox 1475 1636 1613 1664; x_wconf 87' lang='lat' dir='ltr'>Phocen—</span> 
     </span>
     <span class='ocr_line' id='line_1_64' title="bbox 902 1677 1613 1718; baseline -0.006 -8"><span class='ocrx_word' id='word_1_397' title='bbox 902 1681 999 1716; x_wconf 90' lang='lat' dir='ltr'>sibus,</span> <span class='ocrx_word' id='word_1_398' title='bbox 1031 1679 1196 1718; x_wconf 78' lang='lat' dir='ltr'>Antipater</span> <span class='ocrx_word' id='word_1_399' title='bbox 1222 1677 1380 1717; x_wconf 82' lang='lat' dir='ltr'>Philippo,</span> <span class='ocrx_word' id='word_1_400' title='bbox 1406 1682 1437 1707; x_wconf 83' lang='lat' dir='ltr'>et</span> <span class='ocrx_word' id='word_1_401' title='bbox 1465 1678 1613 1717; x_wconf 85' lang='lat' dir='ltr'>deinceps</span> 
     </span>
     <span class='ocr_line' id='line_1_65' title="bbox 902 1720 1613 1759; baseline -0.003 -7"><span class='ocrx_word' id='word_1_402' title='bbox 902 1724 979 1753; x_wconf 85' lang='lat' dir='ltr'>alius</span> <span class='ocrx_word' id='word_1_403' title='bbox 1007 1723 1069 1758; x_wconf 84' lang='lat' dir='ltr'>alii,</span> <span class='ocrx_word' id='word_1_404' title='bbox 1094 1723 1192 1751; x_wconf 84' lang='lat' dir='ltr'>donec</span> <span class='ocrx_word' id='word_1_405' title='bbox 1221 1731 1278 1750; x_wconf 87' lang='lat' dir='ltr'>uua</span> <span class='ocrx_word' id='word_1_406' title='bbox 1305 1731 1372 1749; x_wconf 82' lang='lat' dir='ltr'>cum</span> <span class='ocrx_word' id='word_1_407' title='bbox 1401 1720 1518 1749; x_wconf 86' lang='lat' dir='ltr'>umbris</span> <span class='ocrx_word' id='word_1_408' title='bbox 1546 1721 1613 1759; x_wconf 88' lang='lat' dir='ltr'>ipse</span> 
     </span>
     <span class='ocr_line' id='line_1_66' title="bbox 902 1763 1612 1795; baseline -0.003 0"><span class='ocrx_word' id='word_1_409' title='bbox 902 1767 992 1795; x_wconf 88' lang='lat' dir='ltr'>etiam</span> <span class='ocrx_word' id='word_1_410' title='bbox 1023 1766 1110 1795; x_wconf 87' lang='lat' dir='ltr'>locus</span> <span class='ocrx_word' id='word_1_411' title='bbox 1141 1769 1187 1794; x_wconf 84' lang='lat' dir='ltr'>est</span> <span class='ocrx_word' id='word_1_412' title='bbox 1224 1764 1365 1793; x_wconf 76' lang='lat' dir='ltr'>redactus</span> <span class='ocrx_word' id='word_1_413' title='bbox 1402 1763 1439 1792; x_wconf 89' lang='lat' dir='ltr'>ad</span> <span class='ocrx_word' id='word_1_414' title='bbox 1474 1763 1612 1793; x_wconf 86' lang='lat' dir='ltr'>nihilum.</span> 
     </span>
     <span class='ocr_line' id='line_1_67' title="bbox 901 1806 1612 1845; baseline -0.007 -6"><span class='ocrx_word' id='word_1_415' title='bbox 901 1809 1017 1839; x_wconf 72' lang='lat' dir='ltr'>WoLr.</span> <span class='ocrx_word' id='word_1_416' title='bbox 1063 1808 1123 1838; x_wconf 82' lang='lat' dir='ltr'>Pro</span> <span class='ocrx_word' id='word_1_417' title='bbox 1140 1807 1243 1836; x_wconf 30' lang='lat' dir='ltr'>uffmbm</span> <span class='ocrx_word' id='word_1_418' title='bbox 1263 1806 1418 1845; x_wconf 79' lang='lat' dir='ltr'>Delphica.</span> <span class='ocrx_word' id='word_1_419' title='bbox 1463 1806 1535 1835; x_wconf 82' lang='lat' dir='ltr'>Hoc</span> <span class='ocrx_word' id='word_1_420' title='bbox 1553 1812 1612 1841; x_wconf 85' lang='lat' dir='ltr'>est,</span> 
     </span>
     <span class='ocr_line' id='line_1_68' title="bbox 901 1848 1613 1892; baseline -0.007 -10"><span class='ocrx_word' id='word_1_421' title='bbox 901 1863 956 1892; x_wconf 86' lang='lat' dir='ltr'>pro</span> <span class='ocrx_word' id='word_1_422' title='bbox 972 1851 1053 1881; x_wconf 90' lang='lat' dir='ltr'>inani</span> <span class='ocrx_word' id='word_1_423' title='bbox 1070 1849 1274 1890; x_wconf 79' lang='lat' dir='ltr'>appellatione</span> <span class='ocrx_word' id='word_1_424' title='bbox 1285 1848 1530 1887; x_wconf 80' lang='lat' dir='ltr'>Amphictyonis,</span> <span class='ocrx_word' id='word_1_425' title='bbox 1546 1850 1613 1878; x_wconf 88' lang='lat' dir='ltr'>sive</span> 
     </span>
     <span class='ocr_line' id='line_1_69' title="bbox 902 1891 1613 1933; baseline -0.004 -9"><span class='ocrx_word' id='word_1_426' title='bbox 902 1894 1023 1933; x_wconf 89' lang='lat' dir='ltr'>patroni</span> <span class='ocrx_word' id='word_1_427' title='bbox 1040 1894 1145 1932; x_wconf 81' lang='lat' dir='ltr'>templi</span> <span class='ocrx_word' id='word_1_428' title='bbox 1164 1892 1316 1930; x_wconf 86' lang='lat' dir='ltr'>Delphici.</span> <span class='ocrx_word' id='word_1_429' title='bbox 1343 1891 1468 1920; x_wconf 73' lang='lat' dir='ltr'>Exedit.</span> <span class='ocrx_word' id='word_1_430' title='bbox 1491 1893 1613 1922; x_wconf 74' lang='lat' dir='ltr'>Srocx.</span> 
     </span>
     <span class='ocr_line' id='line_1_70' title="bbox 889 1933 1613 1976; baseline -0.004 -10"><span class='ocrx_word' id='word_1_431' title='bbox 889 1933 1066 1976; x_wconf 50' lang='lat' dir='ltr'>‘Didymuffi</span> <span class='ocrx_word' id='word_1_432' title='bbox 1082 1937 1180 1975; x_wconf 89' lang='lat' dir='ltr'>inquit</span> <span class='ocrx_word' id='word_1_433' title='bbox 1197 1933 1416 1972; x_wconf 85' lang='lat' dir='ltr'>Harpocratio,</span> <span class='ocrx_word' id='word_1_434' title='bbox 1429 1933 1472 1962; x_wconf 89' lang='lat' dir='ltr'>ait</span> <span class='ocrx_word' id='word_1_435' title='bbox 1487 1944 1613 1972; x_wconf 85' lang='lat' dir='ltr'>prover-</span> 
     </span>
     <span class='ocr_line' id='line_1_71' title="bbox 903 1977 1613 2009; baseline -0.004 0"><span class='ocrx_word' id='word_1_436' title='bbox 903 1981 986 2009; x_wconf 87' lang='lat' dir='ltr'>bium</span> <span class='ocrx_word' id='word_1_437' title='bbox 1011 1980 1050 2008; x_wconf 89' lang='lat' dir='ltr'>de</span> <span class='ocrx_word' id='word_1_438' title='bbox 1077 1979 1151 2007; x_wconf 89' lang='lat' dir='ltr'>asini</span> <span class='ocrx_word' id='word_1_439' title='bbox 1183 1979 1288 2006; x_wconf 80' lang='lat' dir='ltr'>umbra</span> <span class='ocrx_word' id='word_1_440' title='bbox 1311 1977 1460 2005; x_wconf 88' lang='lat' dir='ltr'>detortum</span> <span class='ocrx_word' id='word_1_441' title='bbox 1485 1987 1551 2006; x_wconf 88' lang='lat' dir='ltr'>esse</span> <span class='ocrx_word' id='word_1_442' title='bbox 1575 1978 1613 2006; x_wconf 90' lang='lat' dir='ltr'>ab</span> 
     </span>
     <span class='ocr_line' id='line_1_72' title="bbox 903 2019 1613 2058; baseline -0.004 -7"><span class='ocrx_word' id='word_1_443' title='bbox 903 2028 1023 2051; x_wconf 84' lang='lat' dir='ltr'>oratore</span> <span class='ocrx_word' id='word_1_444' title='bbox 1035 2023 1073 2051; x_wconf 89' lang='lat' dir='ltr'>de</span> <span class='ocrx_word' id='word_1_445' title='bbox 1090 2022 1195 2050; x_wconf 79' lang='lat' dir='ltr'>umbra</span> <span class='ocrx_word' id='word_1_446' title='bbox 1208 2020 1350 2058; x_wconf 86' lang='lat' dir='ltr'>delphica</span> <span class='ocrx_word' id='word_1_447' title='bbox 1361 2020 1519 2057; x_wconf 87' lang='lat' dir='ltr'>loquente:</span> <span class='ocrx_word' id='word_1_448' title='bbox 1535 2019 1613 2048; x_wconf 81' lang='lat' dir='ltr'>asini</span> 
     </span>
     <span class='ocr_line' id='line_1_73' title="bbox 903 2062 1612 2100; baseline -0.006 -6"><span class='ocrx_word' id='word_1_449' title='bbox 903 2071 1003 2094; x_wconf 76' lang='lat' dir='ltr'>autem</span> <span class='ocrx_word' id='word_1_450' title='bbox 1021 2064 1154 2093; x_wconf 84' lang='lat' dir='ltr'>umbram</span> <span class='ocrx_word' id='word_1_451' title='bbox 1180 2063 1241 2092; x_wconf 85' lang='lat' dir='ltr'>dici</span> <span class='ocrx_word' id='word_1_452' title='bbox 1263 2064 1292 2092; x_wconf 89' lang='lat' dir='ltr'>in</span> <span class='ocrx_word' id='word_1_453' title='bbox 1319 2072 1372 2091; x_wconf 87' lang='lat' dir='ltr'>eos</span> <span class='ocrx_word' id='word_1_454' title='bbox 1393 2062 1446 2100; x_wconf 88' lang='lat' dir='ltr'>qui</span> <span class='ocrx_word' id='word_1_455' title='bbox 1469 2062 1506 2090; x_wconf 89' lang='lat' dir='ltr'>de</span> <span class='ocrx_word' id='word_1_456' title='bbox 1522 2063 1612 2091; x_wconf 83' lang='lat' dir='ltr'>rebus</span> 
     </span>
     <span class='ocr_line' id='line_1_74' title="bbox 906 2104 1613 2137; baseline -0.004 -1"><span class='ocrx_word' id='word_1_457' title='bbox 906 2108 993 2137; x_wconf 89' lang='lat' dir='ltr'>nihili</span> <span class='ocrx_word' id='word_1_458' title='bbox 1009 2107 1203 2136; x_wconf 87' lang='lat' dir='ltr'>contendunt.</span> <span class='ocrx_word' id='word_1_459' title='bbox 1227 2107 1363 2136; x_wconf 68' lang='lat' dir='ltr'>Auem.</span> <span class='ocrx_word' id='word_1_460' title='bbox 1386 2115 1417 2134; x_wconf 92' lang='lat' dir='ltr'><strong>v.</strong></span> <span class='ocrx_word' id='word_1_461' title='bbox 1432 2104 1533 2134; x_wconf 87' lang='lat' dir='ltr'>Schol.</span> <span class='ocrx_word' id='word_1_462' title='bbox 1545 2104 1613 2134; x_wconf 86' lang='lat' dir='ltr'>Ari-</span> 
     </span>
     <span class='ocr_line' id='line_1_75' title="bbox 909 2150 1205 2189; baseline -0.007 -9"><span class='ocrx_word' id='word_1_463' title='bbox 909 2151 1007 2189; x_wconf 79' lang='lat' dir='ltr'>stoph.</span> <span class='ocrx_word' id='word_1_464' title='bbox 1024 2150 1205 2188; x_wconf 83' lang='lat' dir='ltr'>Vesp.191.</span> 
     </span>
    </p>
   </div>
  </div>
 </body>
</html>
