1824 3171
541 176 624 216 AD
652 174 1117 217 DEMOSTHENEM.
1387 176 1556 217 clxxxiii

156 282 368 324 Dorvillius
388 280 427 318 in
446 279 775 318 Annotationibus
795 279 844 317 ad
866 278 1116 318 Charitonem
1135 290 1174 330 p.
1193 278 1289 318 687.
1312 283 1350 315 et
1373 282 1465 318 693.
1493 293 1558 318 co-

102 346 196 385 dicis
215 345 272 384 sui
289 341 523 381 mentionem
541 339 650 379 facit.

155 409 280 446 Penes
309 404 435 442 Eliam
469 403 723 449 Obrechtum,
759 401 1019 454 professorem
1047 401 1239 453 quondam
1271 401 1556 452 Upsaliensem,

99 470 215 507 fuisse
243 465 415 504 codicem
443 463 735 510 Demosthenis,
760 463 986 515 intelligitur
1006 476 1028 503 e
1048 462 1266 502 Normanni
1290 470 1480 502 annotatt.
1509 464 1561 501 ad

99 528 277 569 Aristidis
296 533 419 564 artem
438 525 671 564 rhetoricam
690 540 729 577 p.
749 528 844 567 274.

110 614 113 618 ν
152 591 288 628 Petrus
310 586 508 633 Possinus,
530 587 716 626 Decanus
748 587 789 626 S.
819 586 975 625 Gudilae
1002 586 1280 633 Bruxellensis‚
1309 586 1445 625 habuit
1464 586 1560 625 anti-

99 665 217 705 quum
236 650 415 688 codicem
439 648 558 688 Dem.
587 649 652 701 qui
680 656 908 688 recensetur
926 661 950 687 a
969 648 1144 687 Fabricio
1172 648 1273 686 Bibl.
1303 648 1374 688 Gr.
1397 649 1444 686 T.
1466 649 1561 686 XII.

98 727 137 766 p.
158 715 251 752 313.
270 712 310 749 in
327 723 404 762 quo
425 710 640 750 orationum
660 712 757 749 alius
778 719 837 750 est
857 710 961 756 ordo,
982 723 1096 762 quam
1116 710 1154 747 in
1172 710 1339 761 vulgatis
1358 711 1464 749 libris
1493 724 1562 748 no-

101 775 203 814 stris.
259 773 594 812 Commemoratur
613 773 664 810 ibi
684 773 808 811 oratio
828 772 1006 825 quaedam
1025 772 1144 809 Dem.
1173 773 1216 809 cle
1245 772 1456 823 largitione,
1476 785 1563 823 quae

98 836 219 875 videri
245 841 364 887 queat
391 834 549 873 inedita.
607 834 687 873 Sed
714 834 892 886 profecto
920 834 1027 872 nulla
1046 840 1105 872 est
1124 833 1211 879 alia,
1232 846 1347 884 quam
1368 833 1490 871 oratio
1512 833 1562 870 de

101 911 249 937 corona
275 896 538 936 trierarchica.
595 896 707 935 Idem
738 896 924 935 Pantinus
954 895 1088 934 habuit
1115 894 1232 933 alium
1259 907 1416 946 quoque
1444 895 1563 933 Dein.

103 960 291 1005 codicem,
314 959 387 997 sed
404 958 625 996 inchoatum
645 959 901 997 solummodo.
919 970 955 996 V.
975 971 1018 1009 p.
1041 959 1133 996 316.
1153 969 1192 996 n.
1213 960 1282 995 40.

157 1021 342 1060 Sambuci
361 1020 538 1058 codicem
556 1019 691 1059 laudat
709 1020 826 1060 Wolf
847 1019 895 1059 ad
913 1032 953 1071 p.
984 1021 1073 1067 145,
1092 1021 1131 1058 5.
1153 1025 1193 1058 et
1210 1018 1248 1056 in
1269 1031 1328 1065 ea,
1348 1030 1464 1069 quam
1491 1030 1563 1054 nos

102 1094 343 1134 usurpamus,
365 1081 570 1132 farragine.

156 1145 213 1181 H.
244 1142 468 1193 Scrimgeri,
501 1142 622 1189 Scoti,
653 1142 892 1181 Professoris
919 1141 1114 1192 quondam
1143 1140 1248 1179 Juris
1275 1139 1380 1191 apud
1399 1138 1564 1177 Heidel-

101 1205 325 1254 bergenses,
347 1203 511 1240 schedas
531 1202 570 1239 in
591 1203 700 1242 calce
721 1216 875 1241 suorum
891 1203 942 1241 ad
957 1209 1071 1240 oratt.
1087 1201 1204 1240 Dem.
1225 1211 1265 1239 et
1286 1200 1478 1239 AEschinis
1498 1200 1564 1238 ad-

100 1266 285 1305 versarias
306 1264 673 1303 commentariorum
685 1272 964 1303 commemorat
981 1262 1100 1302 Wolf.
1158 1262 1249 1301 Non
1262 1262 1335 1300 fuit
1354 1263 1478 1300 codex
1497 1274 1564 1299 ve-

100 1334 226 1365 tustus
245 1339 366 1378 penes
390 1326 665 1376 Scrimgerum,
687 1327 758 1364 sed
777 1327 950 1371 schedae,
969 1325 1010 1362 in
1041 1337 1137 1376 quas
1168 1324 1408 1375 Scrimgerus
1434 1323 1564 1361 retulit

101 1388 289 1426 lectiones
308 1387 497 1425 variantes
517 1400 539 1425 e
561 1387 698 1426 codice
716 1388 838 1426 Dem.
869 1387 1002 1426 nescio
1021 1399 1100 1438 quo
1121 1398 1144 1425 a
1162 1398 1205 1424 se
1226 1392 1445 1437 excerptas,
1475 1396 1564 1422 cum

102 1449 323 1489 intermistis
341 1449 460 1502 ipsius
480 1449 688 1502 Scrimgeri
704 1448 947 1499 conjecturis.

657 1651 828 1695 SECT.
861 1650 1004 1694 XVI.

192 1759 253 1797 De
272 1760 450 1797 codicibus
470 1760 572 1798 mstis
593 1760 701 1799 Dem.
723 1760 852 1810 quibus
870 1772 936 1810 ego
956 1759 993 1796 in
1011 1758 1077 1796 hac
1096 1758 1250 1796 editione
1270 1771 1354 1796 usus
1373 1770 1464 1795 sum.

157 1861 464 1900 Pnonmssxs
502 1863 633 1914 itaque
668 1863 740 1910 his,
772 1877 859 1915 quae
888 1861 1162 1915 praemittenda
1187 1861 1427 1907 videbantur,
1457 1872 1562 1897 nunc

104 1924 261 1962 tandem
290 1925 341 1962 ad
369 1924 528 1963 codices
556 1932 676 1963 mstos
701 1925 879 1971 devenio,
905 1925 1043 1975 quibus
1062 1924 1146 1976 ipse
1165 1936 1249 1961 sum
1269 1936 1374 1969 usus,
1395 1929 1460 1959 aut
1479 1928 1566 1972 post

104 1987 214 2032 alios,
235 1993 302 2024 aut
320 1986 436 2024 solus.
492 1985 585 2024 Non
614 1994 698 2025 erat
726 1988 873 2025 animus
890 1986 997 2025 initio
1024 1985 1233 2024 Demosth.
1263 1985 1393 2029 edere,
1415 1983 1485 2022 sed
1507 1996 1569 2020 so-

104 2046 301 2084 lummodo
321 2046 674 2086 animadversiones
693 2049 744 2086 ad
764 2061 867 2087 eum.
906 2048 1003 2086 Post
1021 2048 1166 2086 editum
1186 2046 1364 2097 quintum
1385 2045 1565 2082 volumen

105 2107 476 2159 animadversionum
512 2109 562 2147 ad
594 2122 744 2160 graecos
780 2116 958 2148 auctores
995 2121 1084 2147 cum
1120 2106 1376 2145 decrevissem
1412 2113 1565 2143 sextum

107 2169 236 2216 edere,
272 2170 496 2208 dubitabam
529 2178 657 2208 utrum
686 2170 725 2208 in
761 2170 802 2208 id
837 2169 1212 2209 animadversionum
1241 2167 1290 2206 ad
1318 2167 1562 2206 Constantini

105 2231 349 2283 Porphyrog.
381 2231 652 2270 Ceremoniale
674 2233 839 2284 Byzant.
860 2232 1021 2282 reliqua,
1043 2244 1130 2282 quae
1149 2230 1321 2268 nondum
1339 2235 1429 2267 sunt
1457 2228 1562 2279 typis

104 2294 275 2344 vulgata,
306 2306 353 2331 an
383 2293 574 2332 animadv.
604 2294 654 2332 ad
681 2294 882 2333 Demosth.
907 2293 1153 2342 conjicerem.
1212 2292 1293 2330 Sed
1319 2291 1451 2329 videns
1478 2291 1562 2328 De-

105 2355 345 2394 mosthenica
371 2368 450 2393 non
476 2368 590 2406 posse
619 2369 697 2394 uno
725 2369 842 2408 parvo
861 2355 1057 2393 volumine
1086 2353 1376 2405 comprehendi,
1406 2353 1563 2403 otioque

105 2431 239 2456 carens
268 2417 336 2455 illa
367 2418 686 2456 Constantiniana
713 2416 1023 2468 recognoscendi
1052 2423 1092 2454 et
1121 2414 1356 2466 expoliendi,
1376 2414 1504 2452 distuli
1523 2415 1562 2454 in

104 2480 209 2518 aliud
224 2486 375 2530 tempus
395 2479 606 2517 editionem
626 2479 736 2528 hujus
755 2479 853 2518 sexti
870 2478 1085 2523 voluminis,
1106 2477 1353 2527 animumque
1372 2482 1493 2514 totum
1515 2477 1565 2515 ad

105 2541 414 2579 Demosthenem
433 2541 647 2578 ornandum
666 2541 843 2579 conferre
864 2539 978 2591 coepi.
1035 2540 1168 2581 Quare
1187 2538 1352 2590 primum
1371 2537 1492 2575 literis
1512 2539 1563 2576 ad

107 2601 312 2640 Oeffelium
340 2602 390 2640 V.
419 2602 481 2639 Ill.
523 2602 792 2640 Consiliarium
825 2600 1066 2639 Serenissimi
1096 2599 1288 2638 Electoris
1316 2599 1492 2636 Bavariae
1523 2607 1564 2638 et

105 2662 350 2702 bibliothecae
382 2663 628 2710 Electoralis‚
657 2677 744 2715 quae
778 2662 981 2702 Monaehii
1010 2662 1193 2701 dedicata
1220 2668 1290 2707 est,
1318 2661 1561 2712 praefectum,

109 2724 206 2762 datis
226 2738 325 2763 anno
347 2728 463 2767 1765.
485 2732 666 2771 exeunte,
687 2725 832 2776 rogavi,
851 2733 896 2763 ut
923 2724 1201 2762 Demosthenis
1231 2723 1408 2762 codicem
1438 2724 1564 2762 Bava-

108 2784 228 2822 ricum
249 2787 299 2823 ad
316 2800 379 2824 me
398 2787 576 2826 mitteret.
633 2787 875 2838 Acceperam
903 2786 1055 2825 scilicet
1075 2787 1124 2824 ab
1144 2785 1270 2824 amico
1289 2798 1377 2823 meo
1398 2785 1564 2831 Cobero,

110 2845 175 2896 qui
195 2860 294 2884 nunc
321 2848 451 2887 literas
470 2849 509 2886 in
530 2849 730 2900 gymnasio
752 2848 970 2887 Bud1ssano
991 2848 1120 2893 docet,
1150 2860 1240 2886 cum
1268 2846 1384 2897 paulo
1412 2853 1502 2884 ante
1522 2847 1563 2884 id

110 2916 259 2959 tempus
274 2921 295 2946 e
313 2910 620 2961 peregrinatione
640 2910 830 2950 Bavarica
848 2918 888 2950 et
902 2909 1042 2950 Italica
1060 2909 1216 2950 domum
1231 2908 1408 2955 redisset,
1423 2907 1566 2947 servari
