1824 3171
460 170 490 207 Ι.
520 162 685 207 BERN.
715 166 999 206 FELICIANI
1029 165 1269 204 PRAEFAT.
1297 170 1366 205 διο.
1528 168 1603 207 xvii

161 271 265 309 haud
283 269 450 321 segniter
469 277 695 307 currentem.
747 270 906 312 Quaeres
926 268 1027 307 unde
1045 267 1136 305 mihi
1156 268 1332 319 cognitus
1353 279 1482 307 cursus
1501 275 1602 315 tuus,

163 333 227 384 qui
259 339 298 370 te
322 343 515 381 nunquam
543 331 712 369 viderim.
770 330 965 381 Optimam
992 330 1048 367 tui
1080 337 1227 381 partem
1257 329 1346 376 vidi,
1379 330 1605 368 adolescens

163 391 472 437 fortunatissime,
492 391 589 429 adeo
608 393 776 443 ἐναργῶς
794 399 835 429 te
861 392 952 429 mihi
979 405 1047 430 suo
1066 391 1247 442 penicillo
1268 391 1441 441 depinxit
1460 391 1606 441 Viglius

165 452 408 498 Zuichemus‚
429 452 533 490 haud
553 452 718 503 vulgaris
738 451 890 499 artifex,
920 453 982 491 cui
1009 452 1221 490 domestica
1244 450 1516 490 consuetudine
1543 464 1610 501 pe-

164 515 267 553 nitus
286 515 461 566 cognitus
480 527 526 553 ac
541 521 765 566 perspectus
784 527 837 553 es.
873 515 976 557 Quin
995 521 1078 553 tute
1097 513 1188 551 mihi
1208 513 1371 564 teipsum
1391 512 1465 551 tuis
1484 513 1534 551 ad
1547 525 1610 551 me

164 576 282 614 literis
313 577 369 615 sic
395 577 627 628 expressisti,
657 583 700 614 ut
728 577 758 614 si
790 588 918 614 coram
947 576 1119 622 adesses,
1149 573 1234 626 plus
1260 574 1388 612 videre
1408 586 1611 625 nequeam.

166 637 251 675 Illic
279 638 524 675 exosculatus
543 651 628 674 sum
648 638 757 676 istam
775 637 929 675 felicem
949 636 1118 675 indolem
1136 643 1253 681 tuam,
1266 635 1344 688 qui,
1362 635 1425 672 vix
1437 647 1614 686 egressus

166 711 308 737 annum
339 697 532 736 decimum
564 704 727 743 sextum,
748 698 889 736 scribas
922 698 1104 749 epistolas
1135 697 1300 749 primum
1328 697 1430 736 bene
1462 696 1615 741 latinas,

168 760 309 798 deinde
339 759 444 810 quod
468 757 586 809 pluris
612 757 724 803 facio,
759 759 932 796 sensibus
957 759 1113 809 argutis,
1140 766 1180 797 et
1209 766 1297 810 apte
1322 758 1392 796 sibi
1421 757 1618 796 connexis.

171 820 275 866 Quid
295 827 423 857 autem
443 818 659 856 collaudem
672 817 783 856 istum
802 818 1009 868 ingenuum
1029 833 1075 856 ac
1092 820 1291 856 liberalem
1311 819 1512 868 pudorem,
1527 817 1618 869 quid

170 881 400 932 singularem
430 880 543 918 istam
570 879 610 918 in
637 892 698 917 me
725 879 922 930 pietatem,
951 892 1066 930 quam
1093 886 1176 917 tota
1201 878 1319 930 spirat
1344 879 1538 930 epistola?
1568 879 1622 917 Et

169 943 234 981 hic
253 955 426 994 agnosco
446 953 628 992 germane
657 953 880 991 germanam
907 939 1132 979 ornatissimi
1151 940 1219 978 viri
1238 941 1399 979 Joannis
1423 940 1621 992 Paungar·

171 1003 272 1042 tneri
290 1003 446 1055 prolem.
485 1001 722 1053 ,Iampridem
739 1001 839 1040 enim
858 1001 951 1039 mihi
966 1015 1055 1040 cum
1073 1015 1120 1040 eo
1135 1001 1214 1040 viro
1229 1002 1348 1040 ictum
1369 1009 1427 1040 est
1445 1001 1621 1040 amicitiae

171 1064 308 1108 foedus,
327 1076 440 1114 quam
457 1076 531 1113 ego
547 1075 639 1099 sane
661 1075 740 1099 rem
760 1062 858 1099 inter
876 1063 1090 1114 praecipuas
1104 1063 1308 1102 felicitates
1330 1076 1434 1102 meas
1450 1076 1622 1102 numero.

173 1124 278 1167 Quid
290 1124 389 1161 enim
404 1124 470 1161 illo
484 1122 697 1167 candidius,
710 1130 774 1160 aut
790 1123 985 1161 amabilius
998 1124 1017 1160 ἶ)
1037 1124 1083 1161 In
1095 1124 1205 1172 hujus
1220 1124 1373 1163 foederis
1389 1125 1624 1164 consortium

172 1192 294 1224 temet
309 1192 376 1223 tuo
390 1187 476 1234 jure
495 1183 641 1230 inseriS,
663 1184 713 1220 mi
733 1183 891 1234 Georgi.
921 1184 966 1221 In
985 1185 1058 1222 hoc
1073 1185 1173 1222 enim
1190 1185 1473 1236 possessionum
1487 1197 1622 1237 genus,

173 1255 213 1287 et
227 1248 286 1287 fas
300 1256 371 1294 est,
391 1255 430 1286 et
450 1260 603 1299 aequum
619 1253 690 1292 est,
711 1247 797 1285 vivo
810 1247 1016 1285 etiamnum
1033 1247 1128 1298 patri
1143 1248 1339 1286 haeredem
1359 1248 1533 1287 existere.
1567 1248 1624 1286 Ut

174 1309 242 1348 tali
257 1316 417 1361 parente
437 1309 557 1347 multo
576 1308 725 1347 beatior
737 1321 791 1354 es,
807 1321 920 1360 quam
937 1308 1105 1361 paternis
1121 1309 1278 1361 opibus:
1298 1309 1350 1348 ita
1365 1309 1446 1348 istis
1461 1309 1626 1360 egregiis

176 1371 292 1410 animi
312 1371 481 1420 dotibus,
501 1382 594 1421 quas
614 1369 683 1408 tibi
702 1369 841 1421 partim
860 1370 998 1421 largita
1017 1378 1075 1409 est
1093 1370 1252 1423 propicii
1271 1371 1433 1409 numinis
1450 1370 1626 1422 benigni·

177 1440 250 1478 tas,
267 1432 405 1483 partim
424 1432 607 1470 industria
626 1438 692 1470 tua
710 1431 780 1470 tibi
798 1431 908 1483 paris,
929 1431 1044 1482 longe
1064 1432 1189 1471 verius
1208 1445 1254 1471 ac
1272 1432 1506 1484 splendidius
1523 1433 1629 1470 locu-

178 1494 262 1546 ples
281 1494 411 1539 fueris,
439 1506 551 1544 quam
580 1493 768 1543 majorum
798 1499 952 1531 tuorum
970 1493 1180 1544 quamlibet
1208 1494 1343 1545 amplis
1368 1493 1626 1532 facultatibus.

181 1555 326 1606 Accipe
341 1554 454 1605 igitur
469 1554 787 1601 Demosthenem,
808 1555 872 1605 qui
888 1568 990 1594 nunc
1009 1555 1135 1606 prodit
1153 1568 1223 1593 ceu
1242 1556 1374 1607 positis
1393 1568 1513 1593 novus
1534 1568 1627 1594 exu-

180 1616 250 1654 viis
264 1616 482 1666 nitidusque
497 1619 669 1663 juventa,
689 1615 800 1652 simul
821 1623 860 1653 et
879 1623 1021 1653 mutuae
1041 1629 1137 1654 meae
1157 1617 1194 1653 in
1213 1625 1252 1655 te
1271 1617 1424 1668 pietatis
1437 1620 1627 1668 μνημόσυ-

180 1694 246 1716 νον
265 1683 303 1715 et
324 1676 533 1714 studiorum
552 1683 704 1713 tuorum
732 1675 1017 1714 incitamentum
1037 1677 1199 1715 futurus.
1256 1678 1420 1715 Multum
1443 1678 1628 1716 debemus

182 1739 296 1784 Aldo,
328 1737 391 1789 qui
417 1737 527 1776 nobis
554 1737 696 1788 primus
725 1744 914 1775 oratorum
941 1737 1153 1790 principem
1183 1739 1302 1785 dedit,
1331 1739 1414 1790 plus
1444 1739 1629 1778 debemus

183 1799 395 1850 Hervagio,
421 1798 486 1850 qui
513 1812 593 1837 non
620 1812 754 1850 parum
786 1799 931 1837 addidit
959 1799 1024 1845 illi,
1056 1807 1136 1838 tum
1169 1800 1376 1852 dignitatis,
1404 1808 1486 1838 tum
1514 1800 1630 1839 etiam

184 1861 479 1907 commoditatis,
507 1861 611 1898 haud
641 1858 898 1899 mediocribus
928 1861 1129 1912 impendiis
1160 1862 1317 1914 parique
1344 1862 1551 1914 vigilantia,
1586 1868 1630 1899 ut

177 1923 263 1973 jam
279 1922 413 1961 merito
432 1922 579 1973 possint
598 1934 729 1960 omnes
749 1921 1012 1960 admirabundi
1041 1922 1182 1969 dicere,
1203 1921 1308 1967 οὗτός
1333 1924 1433 1961 ἐστιν
1451 1925 1470 1961 ὁ
1496 1924 1630 1965 ἐκεῖνος

184 1983 438 2032 Δημοσθένης.
494 1983 662 2021 Posthac
681 1983 796 2033 igitur
823 1983 1115 2035 expectabimus
1138 1985 1205 2022 abs
1233 1991 1271 2022 te
1301 1984 1494 2036 epistolas,
1516 1984 1629 2022 semi-

182 2045 359 2084 tullianas
379 2058 424 2082 ac
452 2044 867 2083 semidemosthenicas.
911 2045 1022 2083 Vale.
1070 2045 1217 2084 Datum
1245 2045 1419 2098 Friburgi
1438 2045 1627 2097 Brisgoae‚

187 2106 365 2158 postridie
384 2106 456 2145 cal.
486 2106 662 2158 Augusti.
692 2107 809 2145 Anno
829 2107 888 2145 M.
909 2107 962 2145 D.
985 2106 1153 2145 XXXII.

552 2240 591 2288 I.
630 2239 848 2289 BERN.
887 2238 1270 2290 FELICIANI

367 2339 741 2375 PRAEFATIONES
767 2341 838 2375 AD
862 2341 1007 2376 SUUM
1032 2340 1451 2376 DEMOSTHENEM.

295 2493 410 2523 Illustri
425 2504 459 2524 ac
476 2493 641 2525 Reverendo
654 2495 758 2525 Abbati
773 2495 852 2525 clivae
868 2494 974 2526 Murice
993 2495 1175 2537 Vangaditiae
1192 2495 1345 2528 Francisco
1365 2495 1533 2526 Lauretano

736 2553 783 2584 Jo.
807 2552 978 2585 Bernardus
1000 2555 1168 2585 Felicianus

884 2624 916 2650 s.

241 2673 341 2711 CUM
362 2673 619 2724 superioribus
641 2674 790 2720 diebus,
812 2674 941 2712 Abbas
957 2674 1178 2726 clarissime,
1198 2672 1484 2719 Demosthenis,
1505 2680 1629 2712 orato-

187 2747 271 2771 rum
291 2735 455 2773 omnium
475 2735 589 2774 facile
608 2736 802 2788 principiS‚
822 2736 1012 2775 orationes
1031 2737 1203 2775 collectis
1222 2736 1447 2788 quibusdam
1468 2733 1630 2785 antiquis

188 2795 385 2835 codicibus
404 2798 737 2848 recognoscendas
757 2798 1017 2849 suscepissem,
1037 2812 1112 2849 quo
1142 2799 1190 2836 ad
1210 2797 1467 2835 studiosorum
1492 2795 1629 2832 utilita-

189 2863 267 2894 tem
283 2858 545 2908 castigatiores
561 2859 794 2910 aliquantulo
810 2859 1104 2905 excuderentur,
1125 2859 1279 2898 memini
1305 2871 1352 2896 ex
1371 2865 1411 2895 te
1431 2855 1628 2900 audivisse,

189 2929 276 2953 cum
302 2920 473 2957 nonnulli
502 2920 605 2958 docti
631 2921 698 2958 viri
719 2921 820 2972 apud
839 2928 878 2959 te
898 2928 1037 2968 essent,
1059 2934 1216 2972 quorum
1237 2918 1511 2958 consuetudine
1529 2929 1629 2954 sum-

249 2990 349 3016 vo1..
371 2992 400 3019 1.
927 2996 944 3018 c
