1824 3171
517 174 597 212 AD
629 172 788 213 SUUM
816 171 1273 212 DEMOSTHENEM.
1558 174 1629 212 xxi

193 291 243 315 ex
261 274 392 315 animis
410 274 608 313 hominum
628 277 764 322 aufert,
788 276 907 315 tribus
933 276 983 314 ad
1002 276 1308 327 persuadendum
1337 275 1481 314 idoneis
1507 276 1630 314 modis

195 336 382 375 adhibitis.
438 336 500 374 Ne
521 337 620 374 enim
650 338 834 388 plerique,
856 350 904 375 an
934 337 1025 374 utile
1055 337 1115 382 sit,
1136 337 1239 387 quod
1256 336 1448 386 agendum
1467 336 1629 381 videtur,

193 411 242 435 an
254 401 411 445 justum,
430 398 533 447 quod
548 397 798 446 judicandum
817 406 890 444 est,
913 412 960 436 an
978 399 1194 443 honestum,
1215 397 1318 447 quod
1346 404 1403 434 est
1424 398 1632 447 approban-

192 458 295 505 dum,
314 458 503 508 ignorent,
519 458 562 496 iis
577 466 703 497 orator
721 460 950 511 eloquentiae
963 459 1096 497 artifex
1109 459 1326 504 rationibus,
1342 471 1419 496 non
1434 458 1633 495 subtilibus

190 518 263 556 illis
291 519 455 569 quidem,
475 519 546 557 sed
573 520 623 557 ad
643 520 806 558 civilium
834 520 1030 558 hominum
1055 528 1205 571 captum
1230 519 1541 564 accommodatis,
1563 519 1632 556 do-

192 579 316 617 cendo
343 579 382 616 in
411 579 530 617 tribus
555 593 752 618 causarum
778 581 982 631 generibus
1008 581 1205 618 veritatem
1225 580 1452 618 manifestat.
1474 592 1522 617 ne
1543 580 1633 616 item

192 640 244 678 ad
262 639 482 678 discendum
504 654 640 691 segnes
655 655 740 680 sese
762 642 971 680 exhibeant
989 641 1173 687 homines,
1188 641 1420 679 delectando
1436 641 1564 685 allicit,
1585 653 1634 677 ne

192 701 361 752 quamvis
380 715 510 740 verum
525 703 660 749 sciant,
680 703 768 741 vitio
788 711 914 741 tamen
933 703 1127 754 depravati
1148 703 1253 741 aliud
1266 703 1392 741 facere
1413 703 1538 748 velint,
1555 716 1635 740 mo-

190 763 317 801 vendo
332 762 458 809 afficit,
472 771 585 814 atque
603 764 657 802 ita
675 763 723 802 ad
742 765 932 815 agendum
951 765 1231 815 quodammodo
1247 764 1450 815 compellit.
1485 764 1585 801 Nam
1603 764 1638 802 si

194 825 276 876 quis
301 825 386 863 haec
411 833 589 876 tanquam
613 834 812 878 suspectas
832 833 945 872 artes,
966 834 1004 864 et
1022 826 1206 865 violentas
1226 825 1422 863 machinas
1441 825 1636 864 evitandas

192 893 336 930 censet,
353 886 382 924 is
403 886 618 925 auditorum
636 887 824 926 inscitiam
839 888 871 925 si
890 887 980 934 vult,
999 888 1180 925 damnare
1199 894 1336 938 potest,
1357 886 1421 937 qui
1439 886 1543 923 nullo
1564 886 1638 924 alio

193 947 309 985 modo
340 938 570 985 intellecturi
596 956 718 994 erant,
749 962 837 987 eum
866 962 970 995 vero,
1001 949 1064 999 qui
1089 949 1139 987 ad
1163 949 1313 986 illorum
1337 948 1637 986 imbecillitatem

196 1008 404 1046 orationem
421 1021 526 1046 suam
546 1010 828 1060 accommodat,
845 1009 915 1047 nisi
929 1009 1086 1048 laudare
1103 1016 1209 1047 certe
1228 1022 1304 1046 non
1320 1008 1445 1046 debet.
1475 1009 1638 1046 Tantam

194 1070 378 1121 siquidem
397 1071 677 1115 auctoritatem,
700 1071 924 1120 dignitatem
945 1078 984 1108 et
1006 1070 1275 1108 excellentiam
1296 1070 1401 1121 apud
1419 1083 1552 1107 omnes
1572 1071 1639 1107 ob-

193 1131 300 1171 tinet,
318 1138 372 1176 ut,
402 1131 499 1168 sicut
523 1131 794 1183 vituperandus
821 1131 925 1168 nullo
949 1131 1064 1168 modo
1085 1138 1154 1177 est,
1175 1131 1225 1168 ita
1251 1131 1364 1168 laude
1391 1138 1432 1168 et
1451 1131 1572 1180 gloria
1591 1144 1638 1168 ex

194 1204 278 1229 sese
298 1192 396 1230 adeo
416 1192 598 1238 abundet,
622 1200 664 1230 ut
682 1192 856 1230 laudibus
876 1192 1110 1230 extrinsecus
1136 1192 1264 1243 petitis
1284 1192 1437 1230 minime
1457 1192 1639 1241 indigeat.

196 1252 297 1290 Nam
313 1254 480 1304 quamvis
493 1254 574 1292 aliis
588 1253 757 1292 scientiis
773 1261 812 1292 et
828 1253 1035 1304 disciplinis
1047 1253 1251 1291 instructus
1266 1253 1315 1291 ad
1329 1253 1640 1304 persuadendum

194 1315 370 1361 accedat,
394 1316 546 1367 propria
563 1323 692 1353 tamen
719 1315 833 1353 laude
853 1329 937 1354 esse
968 1322 1172 1354 contentus
1192 1322 1328 1366 potest.
1384 1315 1493 1353 Sicut
1512 1323 1640 1353 orator

194 1375 258 1414 hic
278 1384 419 1422 noster,
435 1377 500 1427 qui
519 1376 747 1415 clarissimus
765 1376 864 1415 inter
882 1390 1014 1415 omnes
1034 1376 1108 1415 hoc
1127 1377 1164 1414 in
1183 1390 1325 1428 genere
1342 1384 1410 1423 est,
1426 1390 1540 1428 quem
1559 1391 1640 1428 prae

195 1438 369 1476 manibus
386 1438 586 1482 habemus,
609 1438 702 1476 licet
727 1438 808 1476 aliis
827 1438 1035 1489 disciplinis
1058 1439 1194 1477 fuisset
1216 1438 1399 1485 eruditus,
1418 1446 1456 1476 et
1485 1452 1532 1476 ex
1552 1438 1639 1476 Pla-

195 1499 295 1536 tonis
315 1499 447 1537 schola
465 1500 583 1537 multa
601 1499 784 1549 praeclara
799 1499 1007 1545 didicisset,
1026 1507 1066 1538 et
1078 1500 1309 1552 Thucydidi,
1326 1500 1504 1551 scriptori
1516 1501 1641 1538 Athe-

195 1560 329 1605 niensi,
350 1568 495 1598 tantum
524 1561 690 1598 studium
711 1560 961 1606 adhibuisset,
984 1569 1027 1599 ut
1045 1562 1165 1599 octies
1185 1562 1255 1599 sibi
1274 1565 1355 1610 ejus
1380 1561 1556 1599 historias
1575 1561 1641 1599 de-

196 1621 418 1659 scribendas
449 1622 605 1673 putarit,
635 1622 776 1659 nullius
807 1635 940 1659 eorum
972 1622 1130 1672 gloriam
1159 1623 1230 1660 sibi
1253 1623 1403 1660 videtur
1427 1622 1639 1668 affectasse,

196 1682 267 1720 nisi
292 1684 375 1733 ejus
395 1683 460 1729 rei,
488 1696 575 1734 quae
605 1683 717 1734 hujus
748 1684 1012 1722 tantummodo
1040 1684 1130 1722 artis
1156 1684 1238 1721 sine
1257 1684 1373 1721 dubio
1401 1684 1552 1735 propria
1572 1691 1642 1722 est.

198 1744 296 1782 Cum
316 1744 416 1782 enim
435 1744 604 1796 quinque
622 1745 708 1783 haec
727 1752 855 1796 partes
879 1746 1031 1792 habeat,
1050 1745 1321 1791 inventionem,
1342 1745 1640 1796 dispositionem,

196 1806 465 1853 elocutionem,
504 1807 725 1845 memoriam
763 1814 804 1845 et
837 1807 1205 1858 pronunciationem,
1235 1808 1284 1845 ab
1323 1807 1546 1845 Andronico
1584 1807 1641 1844 hi-

197 1867 342 1906 strione
357 1868 622 1919 interrogatus,
637 1867 728 1920 quid
739 1868 778 1906 in
792 1869 1003 1907 Rhetorica
1016 1869 1177 1921 primum
1193 1882 1279 1907 esse
1295 1868 1540 1914 existimaret,
1556 1882 1646 1920 pro-

196 1929 479 1968 nunciationem
491 1930 598 1976 dixit,
615 1937 653 1968 et
663 1930 848 1976 secundo,
867 1937 906 1968 et
920 1930 1032 1968 tertio
1048 1930 1147 1968 idem
1167 1930 1375 1982 respondit,
1392 1930 1522 1981 quoad
1534 1930 1645 1968 desiit

196 1989 260 2028 ille
280 1991 530 2042 interrogare,
551 1998 594 2029 ut
612 2004 689 2030 non
710 1999 786 2029 tam
806 1991 1053 2043 praecipuam,
1070 2005 1184 2043 quam
1203 1992 1324 2029 solam
1343 1991 1544 2029 rhetoricae
1558 2004 1645 2041 pro-

198 2051 319 2102 priam
338 2060 485 2103 partem
504 2053 857 2104 pronunciationem
878 2066 960 2091 esse
980 2053 1223 2103 significaret.
1243 2061 1449 2104 propterea
1466 2053 1646 2090 videlicet

200 2125 316 2163 quum
337 2120 485 2150 caeterae
505 2127 636 2151 omnes
666 2113 720 2151 ita
745 2114 902 2151 aliarum
932 2127 1059 2151 rerum
1084 2114 1342 2164 cognitionem
1365 2113 1556 2151 interdum
1587 2113 1645 2150 in-

197 2187 333 2212 nexam
351 2174 496 2212 habent
515 2174 671 2225 aliisque
692 2174 866 2212 omnibus
895 2174 1011 2213 etiam
1030 2174 1304 2226 philosophicis
1324 2174 1645 2225 disputationibus

199 2248 422 2273 communes
441 2243 542 2281 sunt,
560 2242 601 2273 ut
619 2236 790 2282 aliarum,
811 2236 843 2272 si
863 2236 946 2286 quis
966 2243 1073 2274 recte
1088 2249 1165 2274 non
1181 2235 1368 2281 advertat,
1382 2235 1505 2274 videri
1523 2236 1645 2273 scien-

198 2297 335 2334 tiarum
353 2297 511 2348 possint,
531 2297 616 2335 haec
631 2297 713 2335 sola
729 2296 810 2334 sine
827 2297 905 2334 ulla
924 2297 1182 2335 controversia
1196 2310 1270 2334 non
1291 2297 1412 2343 alteri,
1431 2310 1545 2347 quam
1559 2296 1645 2334 huic

199 2357 282 2404 arti,
303 2358 465 2396 adscribi
484 2365 612 2409 queat,
628 2364 744 2409 atque
764 2357 906 2396 iccirco
922 2365 1068 2396 tantam
1084 2371 1241 2410 operam
1254 2358 1323 2396 sibi
1339 2358 1372 2396 ei
1389 2358 1647 2396 adhibendam

201 2418 320 2464 duxit,
340 2426 381 2457 ut
400 2431 480 2456 non
500 2427 578 2457 tam
597 2419 789 2457 orationes
804 2422 886 2468 ejus
906 2427 945 2457 et
971 2419 1124 2471 scripta,
1145 2432 1256 2470 quam
1277 2419 1462 2457 industria
1478 2426 1517 2457 et
1538 2432 1646 2457 exer-

201 2480 330 2518 citatio
355 2480 392 2517 in
413 2493 478 2518 ore
499 2480 664 2518 omnium
695 2480 755 2526 sit,
778 2487 816 2518 et
844 2481 950 2532 apud
978 2494 1110 2519 omnes
1139 2481 1367 2519 celebretur.
1424 2481 1518 2523 Quis
1547 2481 1648 2518 enim

201 2550 273 2590 est,
291 2543 356 2593 qui
382 2542 647 2580 meditationes
668 2544 750 2593 ejus
777 2542 815 2580 in
842 2543 1020 2581 cubiculo
1047 2544 1296 2581 subterraneo
1324 2556 1401 2581 non
1429 2543 1646 2589 admiretur,

202 2617 289 2641 cum
309 2604 533 2656 inaequalem
553 2612 749 2641 tonsuram
764 2604 877 2643 etiam
894 2604 1010 2655 capiti
1024 2605 1272 2649 adhibuisset,
1293 2618 1341 2642 ne
1359 2604 1428 2642 sibi
1444 2605 1647 2655 aliquando

199 2664 290 2702 inde
310 2665 524 2702 exeundum
545 2673 658 2710 esset,
679 2672 795 2716 atque
814 2665 868 2703 ita
886 2665 1054 2703 studium
1074 2666 1401 2704 intermitteretur.
1441 2665 1536 2708 Quis
1555 2665 1645 2703 lecti

201 2729 281 2774 eJus
309 2725 523 2776 angustiam
552 2739 628 2763 non
656 2726 847 2772 decantat,
868 2739 943 2778 qua
970 2727 1009 2764 id
1029 2727 1215 2779 consequi
1246 2728 1490 2778 procurabat,
1523 2734 1565 2763 ut
1592 2726 1648 2762 in-

203 2787 400 2824 commoda
419 2787 621 2826 cubatione
643 2788 796 2825 occasio
816 2788 851 2826 ei
881 2789 1065 2839 surgendi
1093 2788 1356 2839 tempestivius
1377 2787 1649 2825 exhiberetur?

204 2851 297 2891 Quis
317 2850 355 2887 id
385 2863 461 2887 non
483 2850 666 2894 celebrat,
688 2863 773 2887 cum
795 2863 835 2887 se
856 2851 1095 2888 antelucanis
1114 2850 1304 2888 fabrorum
1324 2849 1460 2899 vigiliis
1480 2847 1647 2898 superari

205 2924 305 2962 aegre
324 2911 469 2950 ferebat
482 2912 499 2947 P
530 2913 654 2954 Quem
673 2911 737 2950 illa
752 2915 832 2962 ejus
852 2912 1049 2963 diligentia
1069 2926 1144 2950 non
1171 2919 1309 2959 movet,
1334 2924 1420 2949 cum
1441 2908 1488 2947 ad
1509 2908 1647 2948 Phale-
