1824 3171
447 169 522 206 AD
554 167 714 206 SUUM
743 166 1037 205 DEMOSTH.
1069 165 1360 205 PRAEFATT.
1561 168 1637 206 xliii

186 270 364 315 tionibus,
378 269 504 308 multis
520 270 570 308 de
583 269 708 308 causis
727 268 906 307 accidere
921 268 1035 315 solet)
1053 267 1317 317 perturbanda
1335 279 1380 304 ac
1399 267 1635 308 immutanda

186 339 299 371 esset.
356 331 455 369 Haec
483 331 601 382 igitur
627 330 887 368 incredibilem
920 329 1090 366 ardorem
1120 328 1244 378 primo
1277 341 1430 378 quoque
1460 337 1632 381 tempore

185 392 446 431 conversionis
469 393 713 430 absolvendae
738 392 778 429 in
806 391 932 429 animo
956 403 1042 427 meo
1063 390 1293 427 excitarunt.
1351 390 1486 440 Itaque
1505 404 1632 442 neque

183 460 332 498 noctes,
354 467 478 504 neque
499 454 580 492 dies
601 452 816 504 conquievi,
837 451 1046 502 repudiatis
1067 451 1235 488 omnium
1250 450 1487 500 voluptatum
1505 451 1635 489 illece-

182 515 273 560 bris,
295 516 526 567 propulsatis
544 516 657 554 variis
684 514 981 558 difficultatibus,
1013 521 1217 563 antequam
1243 512 1293 550 ad
1319 519 1491 563 optatum
1517 513 1632 550 finem

182 577 298 628 coepti
327 578 453 629 operis
483 577 755 629 pervenissem.
811 575 929 618 Quod
959 588 1076 625 quum
1095 587 1118 612 a
1143 573 1322 612 studiosis
1348 581 1389 611 et
1417 573 1633 624 bibliopolis

180 637 428 677 vehementer
443 639 608 689 flagitari
625 637 901 689 cognovissem,
920 649 994 673 non
1010 635 1255 674 differendam
1271 635 1409 672 diutius
1425 634 1634 672 editionem

181 713 268 738 esse
288 701 436 738 censui.
492 701 597 743 Quid
618 701 717 738 enim
737 706 854 744 vetat,
883 698 1099 736 hominibus
1125 698 1275 735 interim
1305 705 1345 735 et
1371 697 1564 747 prodesse,
1596 705 1635 735 et

179 762 424 813 gratificari?
462 762 564 800 Nam
591 762 622 800 si
643 762 721 800 vita
750 761 841 798 mihi
870 760 1108 810 benignitate
1137 759 1302 796 numinis
1332 758 1540 808 contigerit
1569 759 1635 796 ali-

178 824 336 875 quando
351 824 589 875 tranquillior
609 824 674 874 (de
694 837 770 874 quo
789 836 867 860 non
887 822 1063 873 despero)
1084 835 1127 860 ac
1148 820 1372 866 diuturnior,
1392 834 1505 871 quam
1524 821 1634 871 polli-

176 885 258 923 ceri
277 885 368 922 mihi
387 899 457 937 per
470 886 730 924 valetudinem
749 885 812 922 vix
831 884 977 923 audeo:
1000 897 1150 935 semper
1170 883 1241 921 erit
1261 882 1491 921 emendandi
1512 889 1550 920 et
1569 896 1635 920 ex-

177 947 339 985 ornandi
368 948 489 986 locus.
516 947 556 985 id
575 948 690 998 quod,
712 954 754 985 ut
774 960 797 984 a
815 946 1041 997 quibusdam
1061 946 1336 997 reprehensum
1365 952 1437 989 est,
1462 944 1636 982 censoria

179 1009 292 1060 plane
311 1010 529 1054 severitate,
551 1009 737 1061 quicquid
756 1009 930 1048 omnibus
950 1009 1027 1047 suis
1053 1008 1218 1046 numeris
1240 1007 1456 1045 absolutum
1476 1020 1553 1045 non
1573 1007 1636 1053 sit,

181 1071 299 1109 veluti
317 1071 403 1109 loco
423 1072 676 1117 moventibus,
696 1079 811 1121 atque
830 1070 869 1107 in
889 1071 1061 1108 ordinem
1082 1070 1324 1121 cogentibus,
1347 1069 1401 1107 sic
1423 1083 1445 1106 a
1465 1069 1638 1107 doctissi-

179 1131 250 1169 mis
268 1132 483 1182 quibusque
513 1139 593 1169 tum
622 1139 765 1169 nostrae
794 1130 933 1176 aetatis,
957 1141 1040 1169 tum
1060 1132 1198 1169 veteris
1226 1131 1421 1168 memoriae
1440 1130 1541 1175 viris,
1570 1138 1637 1167 aut

180 1206 270 1231 cum
289 1193 417 1239 laude,
441 1200 508 1231 aut
526 1200 633 1231 certe
653 1206 728 1230 non
748 1192 828 1230 sine
847 1192 970 1237 venia,
990 1206 1139 1244 semper
1161 1200 1218 1230 est
1239 1199 1476 1242 usurpatum.
1534 1191 1637 1228 Nam

177 1254 365 1306 praeclare
384 1262 582 1306 poetarum
598 1254 898 1306 sapientissimus
921 1254 1134 1306 Euripides,
1155 1255 1194 1291 αἱ
1215 1254 1376 1305 δεύτεραί
1394 1270 1483 1298 πως,
1504 1253 1636 1304 inquit,

177 1317 364 1368 φροντίδες
387 1318 609 1369 σοφώτεραι;
642 1325 681 1355 et
699 1317 894 1355 interdum
914 1330 1050 1367 graves
1064 1321 1259 1367 justaeque
1279 1329 1406 1354 causae
1427 1323 1527 1360 sunt,
1549 1329 1636 1366 pro-

177 1385 266 1429 pter
294 1391 402 1429 quas,
423 1393 499 1416 non
529 1379 684 1431 quidem
714 1380 1013 1431 praecipitandae,
1046 1380 1115 1416 sed
1143 1379 1383 1416 maturandae
1412 1386 1541 1415 tamen
1561 1378 1635 1414 sint

177 1439 378 1478 editiones.
436 1441 575 1492 Neque
604 1449 733 1478 tamen
753 1441 827 1479 hoc
845 1441 898 1479 sic
917 1440 1043 1491 accipi
1062 1440 1188 1485 velim,
1210 1440 1317 1490 quasi
1343 1453 1404 1477 me
1424 1440 1635 1476 sententias

178 1501 272 1540 alias
299 1502 504 1539 allaturum
524 1515 608 1540 esse
626 1509 758 1552 putem
779 1503 885 1548 (dedi
911 1502 1015 1540 enim
1042 1514 1211 1552 operam,
1234 1509 1274 1538 ut
1304 1514 1353 1538 ne
1381 1501 1419 1538 in
1450 1514 1496 1538 ea
1515 1514 1555 1537 re
1577 1515 1636 1538 so-

179 1565 323 1603 cordiae
343 1569 577 1613 aceusarer),
599 1564 668 1601 sed
687 1564 789 1614 quod
809 1578 930 1614 genus
951 1563 1147 1609 orationis,
1170 1564 1219 1601 de
1238 1577 1314 1613 quo
1335 1565 1449 1600 rebus
1470 1564 1555 1614 ipsis
1579 1564 1634 1600 in-

177 1634 306 1665 tentus
335 1626 481 1664 animus
509 1640 588 1664 non
616 1625 775 1676 perinde
804 1627 965 1673 laborat,
984 1626 1107 1664 limari
1135 1626 1262 1663 multis
1282 1626 1320 1662 in
1340 1626 1434 1663 locis
1455 1633 1494 1662 et
1513 1626 1637 1676 splen-

179 1690 340 1727 descere
364 1701 457 1725 cura
483 1694 520 1725 et
549 1687 747 1738 diligentia
775 1688 928 1738 poterit.
987 1688 1052 1726 Sic
1078 1700 1204 1738 neque
1227 1691 1417 1736 Jacturam
1439 1688 1555 1725 ullam
1577 1689 1633 1726 fa-

178 1751 297 1800 cient,
317 1750 381 1801 qui
399 1763 502 1788 nunc
520 1750 652 1800 legent
669 1750 913 1800 (sententiam
933 1750 1035 1788 enim
1054 1749 1344 1795 Demosthenis,
1363 1750 1490 1800 quoad
1511 1751 1593 1800 ejus
1614 1763 1636 1788 a

177 1826 240 1851 me
260 1812 342 1850 fieri
361 1811 498 1863 potuit,
519 1824 740 1862 germanam
760 1812 973 1861 habebunt)
995 1819 1033 1849 et
1057 1812 1120 1862 qui
1146 1811 1399 1862 posteriorem
1429 1812 1635 1850 editionem

179 1875 355 1920 emerint,
376 1874 417 1912 id
437 1874 629 1912 commodi
651 1874 817 1924 capient,
840 1882 882 1911 ut
904 1874 1074 1912 dictione
1102 1874 1224 1911 minus
1244 1873 1396 1911 horrida
1414 1875 1536 1924 magis
1567 1874 1633 1912 de-

177 1938 382 1975 lectentur.
439 1936 518 1973 Hic
537 1935 651 1986 igitur
675 1937 784 1974 labor
804 1949 924 1982 meus,
944 1936 1067 1987 qualis
1085 1935 1206 1986 qualis
1229 1942 1300 1979 est,
1323 1935 1503 1986 equidem
1525 1944 1631 1986 opto,

177 2006 221 2037 ut
244 1998 419 2037 studiosis
446 1998 660 2036 hominibus
688 1998 820 2048 prosit,
851 1998 930 2036 sive
950 1997 1195 2035 mediocxiter
1215 1996 1352 2041 doctis,
1374 1997 1453 2034 sive
1473 1998 1631 2035 rudibus

179 2073 391 2111 graecarum
411 2059 616 2096 literarum.
673 2060 855 2110 Utrisque
883 2072 975 2097 sane
1001 2058 1218 2097 consultum
1238 2058 1354 2102 volui,
1385 2071 1432 2095 ac
1458 2059 1571 2096 toties
1592 2066 1632 2097 et

176 2122 259 2173 legi
282 2129 322 2159 et
345 2121 465 2171 relegi
486 2121 805 2165 Demosthenem,
835 2122 949 2159 toties
977 2134 1102 2158 meam
1129 2119 1418 2158 conversionem
1440 2133 1525 2157 curn
1546 2120 1631 2171 ipso

179 2190 314 2222 autore
334 2183 492 2227 contuli,
513 2183 625 2220 toties
646 2183 860 2228 emendavi,
877 2183 989 2220 toties
1008 2183 1047 2219 in
1066 2181 1234 2232 singulas
1253 2194 1373 2231 prope
1391 2182 1556 2232 syllabas
1574 2183 1629 2219 in—

177 2240 332 2297 quisivi:
362 2252 406 2282 ut
423 2244 700 2295 ignoscendum
716 2244 804 2281 mihi
824 2258 908 2282 esse
924 2251 1112 2294 putarem,
1130 2243 1160 2281 si
1175 2256 1236 2280 me
1251 2242 1391 2293 aliquid
1409 2244 1630 2293 praestitisse

177 2307 390 2359 profiterer,
421 2306 524 2357 quod
549 2306 642 2343 alios
671 2305 796 2343 minus
824 2305 1025 2356 diligentes
1045 2313 1084 2344 et
1104 2312 1270 2343 attentos
1289 2305 1544 2355 praeterisset:
1582 2320 1629 2344 ac

178 2374 477 2420 sperarem,tum
492 2367 609 2405 latine
630 2367 817 2404 duntaxat
833 2367 969 2405 doctos
990 2380 1157 2418 graecum
1179 2366 1354 2405 codicem
1374 2379 1452 2404 non
1472 2380 1630 2417 magno-

180 2443 274 2482 pere
305 2429 612 2467 desideraturos:
663 2436 742 2466 tum
776 2428 815 2465 in
848 2431 982 2479 graecis
1009 2429 1129 2466 literis
1161 2441 1236 2465 non
1263 2428 1354 2466 satis
1383 2429 1626 2475 exercitatos,

180 2490 436 2530 conversionis
455 2503 552 2528 meae
566 2490 670 2528 velut
687 2489 935 2535 adminiculis,
953 2491 1003 2528 ad
1022 2489 1144 2540 ipsum
1161 2497 1332 2527 autorem
1353 2490 1630 2540 perlegendum

179 2561 360 2604 tanquam
388 2552 507 2589 rivulo
531 2565 607 2588 non
626 2551 815 2589 inamoeno
836 2552 936 2590 duce
956 2552 1006 2589 ad
1025 2552 1171 2589 fontem
1191 2551 1493 2602 limpidissimum
1512 2559 1627 2603 atque

181 2615 411 2653 uberrimum
441 2613 554 2651 facile
582 2621 843 2665 perventuros.
900 2614 987 2664 Ego
1019 2621 1139 2659 certe,
1174 2627 1259 2652 cum
1288 2614 1452 2664 primum
1485 2614 1628 2652 Demo-

181 2677 356 2714 sthenem
385 2676 514 2713 Marte
533 2688 619 2712 meo
639 2679 727 2726 (nec
746 2675 844 2713 enim
866 2675 927 2712 diu
947 2675 1211 2726 magistrorum
1239 2688 1356 2726 opera
1386 2676 1440 2713 uti
1468 2676 1558 2712 mihi
1585 2677 1627 2713 li-

179 2738 271 2788 cuit)
290 2738 419 2788 legere
435 2737 658 2790 coepissem:
685 2744 828 2788 quanta
844 2737 957 2775 animi
977 2737 1185 2784 alacritate,
1203 2746 1347 2788 quanta
1365 2739 1623 2777 exsultatione

182 2807 411 2850 accepturus
438 2799 494 2836 fui
519 2799 806 2837 conversionem
833 2800 965 2837 summi
989 2800 1162 2846 oratoris,
1180 2801 1254 2839 hac
1275 2814 1361 2838 inea
1378 2801 1496 2838 nihilo
1517 2802 1623 2838 meli-

186 2873 303 2905 orem,
324 2868 390 2898 aut
409 2860 600 2911 aliquanto
620 2861 730 2898 etiarn
753 2862 1013 2899 deteriorem?
1052 2863 1154 2900 Nam
1174 2870 1216 2900 ut
1237 2863 1346 2900 ullius
1366 2863 1454 2900 boni
1481 2863 1622 2900 autoris

183 2921 446 2973 interpretatio
464 2921 513 2960 sit
538 2922 743 2974 exemplari
768 2923 915 2970 melior,
932 2930 996 2960 aut
1014 2937 1124 2974 aeque
1145 2923 1259 2971 bona,
1275 2923 1356 2962 fieri
1375 2924 1531 2961 fortasse
1546 2937 1622 2961 non
