1824 3171
475 299 557 339 AD
585 298 744 337 SUUM
774 299 1065 339 DEMOSTH.
1095 299 1372 340 PRAEFATT.
1586 305 1661 344 lvii·

207 399 304 437 filios
322 397 396 438 vita
415 399 557 438 caelebs
576 400 738 452 negarit,
759 414 886 453 neque
912 409 1054 439 nostrae
1081 402 1204 453 gentis
1223 410 1338 454 atque
1368 406 1527 443 nominis
1546 406 1650 456 quis.

203 474 317 512 quam
335 467 528 511 superstes
547 462 657 500 nobis
676 462 759 500 fore
778 462 966 508 videatur,
987 463 1073 501 libri
1103 464 1223 501 nostri
1243 465 1404 502 liberum
1435 465 1518 503 loco
1539 467 1648 505 nobis

206 535 289 560 esse
308 521 462 568 debent,
490 523 626 574 quibus
647 524 880 561 Wolfianum
910 537 1050 562 nomen
1069 525 1116 562 ab
1143 525 1333 563 oblivione
1360 526 1592 576 posteritatis
1611 536 1650 565 et

205 583 252 620 ab
271 582 426 620 interitu
444 583 668 622 vindicetur.
725 586 812 627 Quo
840 585 962 635 magis
992 585 1106 622 etiam
1127 598 1243 636 opera
1262 586 1388 624 danda
1408 594 1478 631 est,
1499 594 1541 624 ut
1561 600 1649 624 cum

203 642 316 680 laude
337 650 376 681 et
394 644 513 694 gloria
532 646 669 696 potius,
685 658 798 696 quarn
815 659 901 683 cum
921 645 1129 696 ignominia
1148 653 1185 683 et
1204 647 1344 696 probro
1364 647 1401 683 id
1422 647 1500 685 fiat.
1558 648 1649 684 Non

203 717 265 741 me
284 704 397 754 fugit,
418 706 509 756 quid
535 707 681 744 causari
699 707 819 757 possis
838 720 846 743 :
876 707 1005 744 multis
1018 710 1097 755 Jam
1118 707 1224 744 annis
1245 707 1313 744 tibi
1342 708 1391 744 ad
1419 708 1504 745 haec
1524 708 1652 746 studia

202 765 264 802 vel
292 766 521 817 respiciendi
540 768 659 805 otium
679 767 870 806 defuisse:
901 768 1004 806 domi
1033 781 1119 806 cum
1139 769 1201 815 sis,
1222 769 1340 806 totius
1361 768 1437 806 diei
1458 769 1650 807 discursa-

202 826 369 864 tionibus
390 827 441 866 ad
469 836 635 880 aegrotos
657 829 884 879 defatigari:
919 843 1022 880 saepe
1053 829 1165 868 etiam
1194 844 1216 868 a
1245 830 1442 868 nobilitate
1462 830 1587 868 vicina
1612 839 1651 868 et

203 887 439 939 principibus
459 897 662 928 evocatum
682 903 705 928 a
719 890 821 927 libris
837 903 989 941 prorsus
1009 891 1158 928 abesse.
1200 890 1287 929 Scio
1307 891 1392 936 ista,
1414 898 1452 928 et
1471 891 1652 930 honestas

202 949 294 987 istas
315 952 605 1002 occupationes,
620 965 705 990 cum
720 951 886 1004 praemiis
903 952 1114 990 autoritatis
1135 959 1173 989 et
1188 952 1318 1002 gratiae
1335 955 1571 1000 conjunctas,
1585 952 1654 989 tibi

203 1011 389 1061 gratulor.
447 1013 526 1051 Sed
546 1014 646 1051 idem
673 1027 750 1051 non
776 1014 961 1059 concedo,
992 1021 1031 1051 te
1061 1014 1347 1065 occupatiorem
1375 1026 1459 1051 esse
1480 1014 1526 1052 C.
1546 1014 1653 1052 Julio

206 1072 374 1118 Caesare,
395 1074 459 1123 qui
479 1075 617 1112 eodem
638 1081 811 1125 tempore
834 1076 978 1113 bellum
1000 1075 1192 1113 Gallicum
1222 1083 1262 1113 et
1289 1076 1420 1126 gessit,
1444 1083 1483 1113 et
1510 1075 1653 1113 descri-

205 1135 291 1185 psit.
350 1135 470 1172 Multi
503 1136 656 1181 dantur,
685 1136 859 1187 hyberno
891 1136 1103 1187 praesertim
1122 1144 1308 1187 tempore,
1335 1136 1654 1174 contractioribus

203 1197 351 1243 diebus,
373 1197 423 1235 ad
441 1197 566 1234 studia
584 1197 754 1234 reditus:
786 1204 825 1234 et
845 1210 934 1235 cum
961 1197 1089 1234 omnia
1108 1210 1184 1234 non
1204 1198 1319 1235 modo
1339 1197 1655 1248 philosophorum

203 1265 244 1295 et
271 1257 519 1302 medicorum,
550 1257 618 1294 sed
648 1264 843 1294 oratorum
872 1256 1000 1300 etiam,
1028 1256 1126 1293 inter
1144 1270 1238 1306 quos
1266 1258 1449 1307 praecipui
1470 1259 1523 1294 tui
1544 1260 1654 1296 fuere

203 1317 442 1356 Camerarius
462 1325 501 1355 et
523 1317 724 1363 Sturmius‚
743 1317 855 1362 dicta,
878 1316 1076 1354 celeritate
1095 1317 1231 1354 calami
1252 1329 1351 1367 pene
1369 1317 1583 1355 incredibili
1603 1319 1654 1357 sis

203 1388 412 1424 assecutus,
439 1378 521 1415 fieri
540 1379 645 1415 nullo
664 1377 777 1415 modo
797 1383 935 1427 potest,
955 1377 1046 1428 quin
1072 1377 1137 1415 illa
1162 1377 1215 1415 ita
1233 1378 1310 1415 alte
1341 1378 1466 1416 animo
1495 1386 1562 1417 tuo
1582 1380 1656 1417 sint

202 1439 334 1486 infixa,
353 1447 395 1477 ut
414 1440 517 1476 nulla
543 1439 688 1490 possint
717 1438 907 1477 oblivione
928 1438 1061 1485 deleri,
1087 1451 1228 1490 easque
1248 1439 1398 1477 radices
1428 1440 1590 1491 egerint,
1611 1448 1656 1479 ut

202 1501 326 1540 solida
351 1500 526 1546 eruditio,
547 1507 587 1538 et
604 1500 753 1538 fructus
782 1500 1016 1546 eruditionis,
1042 1500 1246 1549 judicium,
1274 1501 1364 1539 inde
1392 1502 1588 1552 pullularit
1616 1509 1657 1540 et

204 1561 419 1601 effloruerit.
476 1562 560 1599 Etsi
581 1561 695 1607 enim,
717 1575 779 1599 me
805 1568 955 1607 autore,
985 1562 1099 1612 paulo
1128 1561 1247 1599 serius
1276 1562 1326 1599 ad
1354 1569 1556 1613 utramque
1585 1563 1655 1600 lin-

203 1636 318 1674 guam
349 1631 388 1660 et
407 1623 592 1673 ingenuas
621 1630 720 1661 artes
751 1623 952 1661 discendas
981 1622 1185 1669 accessisti,
1207 1630 1336 1661 tamen
1363 1623 1472 1662 Deus
1494 1631 1656 1662 conatus

205 1693 302 1730 tuos,
319 1692 358 1722 et
378 1684 586 1735 diligentiae
607 1684 868 1723 assiduitatem
889 1684 941 1722 ita
958 1684 1178 1730 fortunavit,
1199 1691 1240 1722 ut
1258 1685 1373 1735 longe
1395 1693 1434 1723 et
1454 1685 1596 1724 diutius
1617 1692 1657 1724 et

203 1746 354 1784 felicius
385 1753 424 1784 et
454 1746 690 1784 constantius
718 1747 787 1784 sub
816 1746 1136 1798 praestantissimis
1162 1747 1406 1797 agonothetis
1426 1747 1463 1784 in
1481 1747 1552 1785 isto
1570 1747 1658 1785 lite-

204 1816 287 1845 rato
305 1807 443 1853 stadio,
464 1807 502 1844 in
532 1807 804 1854 celeberrimis,
833 1808 1001 1858 inquam,
1032 1808 1251 1845 Germaniae
1273 1816 1312 1846 et
1340 1808 1478 1846 Galliae
1500 1809 1659 1846 Acade-

207 1870 306 1915 miis,
338 1869 392 1906 ita
411 1869 648 1914 decurreres,
670 1877 710 1907 ut
743 1869 946 1907 ordinatim
969 1870 1135 1907 honores
1163 1877 1330 1920 peteres,
1353 1877 1391 1908 et
1410 1883 1550 1920 magna
1570 1882 1659 1907 cum

204 1931 319 1969 laude
336 1931 545 1968 laureolam
560 1930 861 1981 consequereris.
919 1933 1046 1973 Quare
1067 1931 1160 1967 nihil
1179 1931 1246 1969 tibi
1259 1934 1376 1980 justae
1397 1930 1656 1969 excusationis

204 1993 380 2030 relictum
410 2000 480 2038 est,
503 2006 602 2039 cum,
623 1992 725 2043 quod
746 2005 821 2043 ego
841 1993 1007 2043 postulo,
1033 1992 1073 2029 id
1103 2000 1143 2029 tu
1172 1999 1356 2043 praestare
1377 1999 1415 2030 et
1435 1993 1593 2038 debeas,
1615 1998 1655 2029 et

203 2054 317 2092 facile
334 2053 468 2104 possis.
525 2053 563 2091 Si
584 2066 674 2091 vero
695 2054 846 2103 gravior
862 2053 987 2104 aliqua
1004 2066 1120 2091 causa
1133 2061 1172 2091 te
1188 2053 1418 2104 impedierit,
1435 2053 1532 2090 illud
1548 2059 1656 2090 certe

204 2115 338 2166 negari
369 2116 436 2152 abs
466 2122 505 2152 te
533 2115 623 2152 mihi
654 2115 784 2160 nolim,
806 2123 848 2152 ut
868 2115 1084 2161 doctorum,
1106 2128 1201 2165 quos
1220 2115 1331 2152 variis
1351 2115 1389 2152 in
1415 2114 1510 2152 locis
1534 2114 1656 2151 habes

205 2176 359 2220 amicos,
378 2182 417 2213 et
432 2189 534 2226 saepe
553 2176 636 2226 ipse
656 2176 873 2222 convenire,
894 2183 934 2213 et
949 2176 996 2213 ab
1012 2175 1148 2213 iisdem
1168 2176 1362 2212 conveniri
1379 2176 1492 2221 soles,
1507 2174 1657 2224 judicia

205 2236 389 2286 exquiras,
420 2249 541 2286 eaque
561 2237 680 2274 libere
706 2244 914 2287 aperteque
942 2237 992 2274 ad
1017 2249 1078 2274 me
1103 2236 1336 2286 perscribas.
1390 2236 1525 2273 Minus
1552 2236 1656 2274 enim

204 2297 308 2348 apud
336 2304 388 2346 te,
409 2297 500 2347 quid
529 2297 706 2343 sentiant,
728 2298 1032 2343 dissimulabunt,
1051 2297 1115 2347 qui
1136 2297 1316 2335 offensam
1339 2297 1453 2334 animi
1481 2298 1557 2335 mei
1586 2297 1655 2334 ali-

202 2371 316 2408 quam
336 2358 496 2395 fortasse
524 2365 759 2404 vererentur,
779 2358 808 2396 si
832 2358 966 2396 eadem
996 2359 1100 2409 apud
1132 2371 1194 2395 me
1223 2358 1486 2408 expromenda
1506 2364 1652 2396 essent:

203 2419 286 2457 sine
305 2432 419 2457 causa
436 2419 489 2456 illi
508 2419 674 2470 quidem.
733 2420 768 2456 Is
797 2419 897 2457 enim
921 2432 994 2469 ego
1014 2432 1109 2463 sum,
1139 2418 1202 2469 qui
1221 2418 1319 2456 inter
1338 2419 1653 2457 calumniatorem

203 2487 243 2518 et
271 2480 496 2517 monitorem
525 2480 728 2530 plurimum
755 2481 940 2518 interesse
970 2492 1162 2518 censeam.
1219 2479 1321 2516 Nam
1340 2479 1402 2517 hic
1422 2480 1577 2530 quidem
1600 2493 1650 2517 ex

202 2541 471 2579 benevolentia
497 2548 536 2578 et
563 2541 783 2592 reipublicae
810 2541 986 2579 literariae
1018 2541 1144 2578 studio
1174 2547 1299 2577 errata
1329 2540 1412 2578 sine
1438 2540 1650 2578 acerbitate

203 2602 317 2640 animi
338 2609 375 2640 et
393 2602 625 2639 contumelia
643 2602 845 2639 verborum
865 2601 1113 2652 reprehendit
1131 2603 1206 2651 μετ’
1229 2601 1401 2652 ἐλέγχων
1421 2603 1480 2638 καὶ
1503 2600 1649 2638 α’ποδεί-

201 2667 286 2709 ξεων
303 2676 311 2700 :
342 2663 405 2700 ille
426 2676 474 2701 ex
489 2662 629 2700 invidia
654 2669 692 2700 et
710 2662 799 2700 odio
827 2675 874 2700 ea
893 2662 1094 2712 vituperat,
1115 2661 1250 2712 quibus
1269 2673 1348 2698 non
1369 2661 1448 2699 edit
1466 2661 1647 2698 meliora:

203 2725 272 2762 sed
289 2737 336 2762 eo
353 2737 533 2775 magnum
552 2724 673 2761 virum
694 2737 735 2761 se
754 2724 874 2761 visum
896 2723 940 2760 iri
959 2730 1082 2774 putat,
1104 2723 1134 2760 si
1155 2735 1219 2760 eos
1238 2721 1416 2767 incessat,
1437 2722 1572 2772 quibus
1592 2722 1648 2758 in-

203 2785 303 2835 genii
330 2786 562 2823 monimenta
581 2785 739 2822 nominis
759 2784 901 2835 aliquid
922 2791 960 2821 et
988 2783 1122 2835 gratiae
1143 2790 1183 2821 et
1210 2782 1424 2821 autoritatis
1445 2783 1557 2820 etiarn
1578 2795 1647 2832 pe-

203 2854 397 2897 pererunt.
427 2847 538 2884 Vale.
597 2848 786 2896 Augustae
803 2845 1100 2884 Vindelicorum.
1122 2857 1223 2883 v111.
1245 2844 1329 2884 Cal.
1357 2844 1467 2891 Maii,
1489 2845 1603 2882 Anno
1624 2856 1645 2880 a

202 2907 374 2945 restituta
390 2908 556 2945 humano
577 2907 708 2957 generi
729 2906 864 2954 salute,
886 2919 932 2945 M.
947 2919 986 2946 D.
1008 2917 1170 2945 va111.

261 3110 359 3136 VOL.
381 3111 409 3137 Ι.
504 3130 509 3135 ,
943 3100 962 3135 Ιι
