1824 3171
449 141 528 179 AD
561 140 720 179 SUUM
749 139 1050 180 DEMOSTH.
1081 142 1335 182 PRAEFAT.
1497 146 1618 182 lxxxv

150 243 313 285 vetustis
333 242 424 283 satis
443 242 730 293 exemplaribus
757 242 846 281 hinc
864 243 956 282 inde
985 251 1093 282 erant
1119 243 1347 295 depromtae,
1367 245 1613 296 sequebatur,

150 316 209 356 ut,
224 308 327 360 quod
345 305 507 357 singulae
533 305 599 343 vix
628 304 818 356 perficere
837 313 1030 358 poterant,
1052 307 1093 345 id
1122 308 1170 345 ab
1198 306 1372 345 omnibus
1393 308 1541 346 collatis
1562 310 1616 346 in-

150 372 278 411 vicem
308 376 348 409 et
367 368 575 419 diligenter
604 367 704 406 inter
731 381 773 406 se
793 369 1028 421 comparatis
1057 382 1211 420 aequum
1242 377 1346 408 esset
1372 378 1613 421 exspectare.

152 432 341 472 Nimirum
368 431 435 470 illa
459 437 544 469 erat
563 430 945 469 Francofurtensium
966 431 1178 483 provincia,
1197 431 1275 483 qui,
1301 444 1390 470 cum
1409 431 1616 470 editionem

151 493 430 535 Demosthenis
450 493 498 532 A.
518 492 574 531 D,
596 495 712 532 1604.
727 492 767 530 in
786 505 833 531 ea
851 494 945 531 urbe
960 500 1228 546 procurarunt,
1247 506 1361 531 omne
1379 492 1488 538 illud,
1508 494 1614 543 quod

149 562 420 609 praecesserat,
450 554 489 593 in
523 567 594 592 suo
628 567 748 605 opere
779 555 1017 606 complexuri
1049 555 1290 594 videbantur.
1346 554 1613 600 Membranas,

149 618 254 656 unde
272 616 550 668 antiquissimae
570 615 759 655 editiones
775 617 1078 663 excudebantur,
1091 615 1390 668 suppeditarunt
1402 615 1518 653 variae
1538 616 1617 653 Ita-

149 680 276 718 lorum
304 679 578 719 bibliothecae:
612 679 704 718 Jam
730 692 836 727 vero,
871 692 959 718 cum
989 677 1222 731 Hieronymi
1242 677 1389 723 Wolfii‚
1420 683 1499 715 tum
1521 677 1614 715 Gul.

150 741 311 781 Morelii
330 754 459 793 opera,
480 748 726 780 accesserunt
744 741 860 780 variae
887 742 1089 788 lectiones,
1109 753 1205 793 quas
1229 740 1294 779 hic
1321 753 1370 778 ex
1390 740 1615 787 Gallicanis,

150 803 216 842 ille
233 817 282 842 ex
301 802 544 842 Germanicis
565 804 849 855 exemplaribus
869 804 1064 843 derivavit.
1119 803 1401 841 Verumtamen
1415 802 1495 841 sive
1510 802 1617 841 festi-

151 866 308 905 natione
335 865 463 913 nimia,
482 865 562 904 sive
585 864 679 903 illud
697 866 839 904 accidit
857 865 1111 918 incogitantIa
1130 872 1170 904 et
1194 864 1425 911 temeritate,
1447 864 1527 902 sive
1549 864 1619 902 de-

153 928 272 980 nique
286 941 418 967 eorum
436 927 632 965 hominum
649 927 697 966 ad
713 935 838 967 tantas
857 942 919 968 res
940 927 1209 980 exsequendas
1227 926 1504 973 imbecillitate,
1524 925 1619 964 nihil

151 990 201 1028 ab
225 990 270 1029 iis
290 989 506 1042 profectum
526 997 586 1028 est
602 990 682 1028 hoc
710 998 841 1029 nostro
870 991 1071 1043 scriptore,
1093 1003 1216 1042 eaque
1245 989 1536 1041 exspectatione
1564 987 1619 1026 di-

154 1065 287 1104 gnum.
317 1052 487 1090 Tantum
503 1051 606 1090 enim
622 1053 745 1098 abest,
767 1059 811 1090 ut
825 1053 1015 1092 editiones
1034 1054 1203 1104 antiquae
1222 1052 1293 1091 sibi
1312 1052 1478 1090 invicem
1494 1058 1620 1089 matu-

152 1128 236 1153 ram
254 1116 385 1153 lucem
404 1113 663 1159 effunderent,
684 1121 728 1151 ut
747 1113 956 1166 aliquando
976 1123 1016 1154 et
1032 1115 1198 1167 pessima
1221 1114 1314 1161 fide,
1335 1121 1376 1153 et
1400 1112 1620 1165 indiligenti

153 1175 319 1216 maxime
333 1187 450 1214 manu
469 1176 794 1214 exscriberentur.

208 1296 266 1336 Ut
280 1296 397 1349 igitur
410 1310 536 1337 meam
555 1297 864 1350 qualemcunque
879 1311 1037 1350 operam
1057 1306 1137 1337 tam
1156 1297 1240 1337 utili
1256 1296 1418 1337 consilio
1437 1296 1620 1338 admove-

153 1372 249 1408 rem,
277 1360 331 1408 id,
361 1361 466 1413 quod
492 1361 839 1401 Francofurtenses
871 1362 926 1400 illi
957 1362 999 1401 in
1031 1363 1161 1402 animo
1193 1362 1403 1414 agitaruut,
1438 1361 1621 1400 effectum

153 1430 286 1462 autem
312 1437 393 1462 non
420 1423 628 1470 dederunt,
658 1424 698 1462 in
728 1437 792 1463 me
824 1425 977 1476 recepi:
1009 1438 1133 1476 eaque
1163 1424 1368 1470 modestia,
1399 1436 1486 1475 quae
1510 1435 1620 1461 meos

154 1498 282 1525 mores
310 1485 438 1533 decet,
459 1499 508 1525 ea
536 1494 667 1525 tamen
686 1486 844 1533 fiducia,
871 1501 958 1538 quae
981 1494 1152 1526 mentem
1170 1486 1344 1538 sequitur
1373 1485 1510 1524 infiniti
1536 1485 1622 1524 fere

154 1547 295 1586 laboris
311 1548 522 1595 consciam,
543 1548 682 1587 lectori
696 1561 785 1587 meo
806 1550 1036 1588 commendo
1054 1550 1157 1588 hanc
1178 1549 1305 1601 operis
1324 1547 1624 1587 Demosthenici

153 1609 383 1662 particulam
403 1610 569 1660 vulgatis
600 1609 777 1649 omnibus
804 1610 923 1662 longe
951 1611 1270 1650 emendatiorem.
1326 1609 1500 1648 Multum
1527 1622 1622 1648 sane

155 1672 208 1710 ad
236 1671 342 1711 hunc
372 1671 539 1711 nitorem
571 1672 750 1724 privatim
780 1673 944 1711 contulit
975 1673 1104 1712 Aldus
1136 1686 1226 1713 cum
1259 1673 1305 1711 P.
1325 1672 1507 1711 Manutio
1537 1671 1624 1719 Fil„

155 1733 276 1774 Bern.
297 1734 528 1781 Felicianus,
553 1734 618 1786 qui
644 1734 718 1773 fuit
744 1734 860 1773 homo
890 1735 1205 1775 accuratissimus
1229 1742 1270 1774 et
1297 1734 1623 1786 diligentissimus,

154 1795 300 1836 deinde
315 1797 436 1836 Dion.
455 1796 683 1842 Lambinus,
703 1797 950 1850 omniumque
972 1798 1294 1838 laboriosissimus
1313 1798 1425 1836 Hier.
1442 1796 1625 1843 Wolfius,

155 1860 268 1910 cujus
288 1859 458 1898 editione
478 1866 580 1898 utor.
635 1859 693 1897 Hi
710 1859 803 1898 mihi
822 1873 976 1899 omnem
995 1861 1122 1909 istam,
1142 1875 1228 1913 quae
1247 1861 1286 1899 in
1305 1860 1434 1899 medio
1453 1860 1626 1909 jacebat,

154 1921 312 1960 laudem
329 1922 412 1961 fere
438 1922 744 1974 praeripuerunt:
775 1923 1015 1975 reliquerunt
1042 1925 1203 1964 arduam
1230 1924 1343 1963 istam
1371 1922 1622 1975 provinciam,

155 1996 213 2022 sc.
232 1990 276 2022 ut
294 1996 429 2023 eorum
449 1984 602 2023 demum
620 1991 660 2022 et
678 1984 875 2024 industriae
895 1993 936 2025 et
955 1987 1122 2027 solertiae
1137 1986 1281 2039 aliquid
1300 1985 1499 2033 adderem,
1517 1984 1625 2038 quod

156 2045 345 2086 lectorem
362 2046 556 2085 eruditum
574 2047 787 2098 promereri
805 2056 971 2101 poterat.

210 2165 416 2206 Editiones
434 2166 550 2219 igitur
575 2167 669 2207 istas
687 2167 798 2207 binas
818 2181 842 2207 a
861 2167 1063 2214 Manutiis,
1091 2167 1244 2206 tertiam
1271 2179 1294 2205 a
1314 2165 1514 2206 Feliciano
1532 2179 1623 2218 pro-

158 2236 347 2276 curatam,
362 2242 515 2268 necnon
528 2229 765 2268 luculentam
784 2231 890 2269 illam
905 2237 1170 2282 ornatamque,
1188 2229 1272 2276 sed,
1292 2230 1397 2281 quod
1412 2230 1624 2268 dolendum

158 2298 230 2338 est,
251 2291 378 2329 minus
394 2299 579 2331 accurate
598 2292 838 2344 impressam,
852 2306 967 2345 quam
988 2293 1232 2332 excuderunt
1246 2292 1494 2338 Parisienses,
1509 2305 1626 2343 opera

156 2354 398 2406 potissimum
418 2354 472 2392 D.
493 2353 688 2401 Lambini,
715 2367 781 2393 eas
800 2355 932 2407 utique
951 2368 1086 2394 omnes
1101 2355 1220 2393 verbo
1241 2360 1351 2392 tenus
1367 2353 1569 2406 diligenter
1585 2362 1627 2392 et

158 2416 325 2456 solliCite
346 2416 527 2456 excussi:
557 2412 750 2468 neglectis
770 2418 918 2457 duabus
939 2417 1214 2469 Hervagianis,
1243 2430 1403 2469 quarum
1431 2430 1546 2455 unam
1574 2430 1625 2456 ex

160 2478 318 2526 Aldina,
348 2479 510 2518 alteram
538 2492 588 2518 ex
613 2479 767 2519 Veneta
787 2480 985 2528 Feliciani,
1013 2480 1256 2519 clandestino
1284 2480 1445 2519 consilio
1464 2480 1625 2518 derivari

161 2542 345 2593 comperi.
402 2541 625 2580 Proximum
657 2550 754 2590 erat,
772 2550 816 2581 ut
837 2543 963 2582 Codd.
984 2544 1191 2582 MStorum
1220 2557 1334 2594 opem
1358 2543 1626 2594 implorarem:

160 2610 256 2655 quot
276 2611 406 2643 autem
424 2603 449 2641 ii
469 2604 680 2656 qualesque
699 2604 855 2652 fuerint,
876 2618 973 2657 quos
992 2606 1053 2643 vel
1072 2606 1250 2657 precibus
1269 2606 1330 2643 vel
1352 2605 1475 2656 gratia
1496 2605 1629 2643 hacte-

162 2679 235 2705 nus
250 2666 433 2705 adhibere
451 2673 640 2718 poteram,
657 2668 924 2719 deprehendet
941 2668 1064 2705 bonus
1083 2668 1210 2706 lector
1224 2681 1272 2706 ex
1291 2667 1444 2719 syllogo
1462 2668 1535 2705 isto
1550 2667 1629 2705 sive

163 2729 358 2780 catalogO,
396 2742 512 2780 quem
543 2729 636 2768 huic
672 2729 895 2769 allocutioni
933 2729 1096 2779 subieci.
1172 2730 1297 2768 Porro
1334 2742 1461 2780 neque
1500 2737 1630 2768 conte-

163 2791 344 2829 mnendae
360 2798 471 2829 erant
483 2790 832 2843 interpretationes,
847 2793 925 2830 sive
937 2792 1097 2844 pristino
1114 2792 1319 2830 latinorum
1339 2805 1528 2838 sermone,
1549 2791 1628 2828 sive

167 2851 458 2898 recentioribus,
479 2853 617 2904 quibus
630 2854 748 2894 hodie
764 2855 918 2900 utimur,
940 2868 963 2893 a
981 2854 1093 2893 variis
1105 2853 1362 2892 concinnatae.
1407 2853 1485 2891 Eas
1500 2860 1628 2890 autem

169 2913 311 2966 duplici
336 2915 494 2954 consilio
515 2917 754 2964 evolvebam,
776 2931 865 2957 cum
887 2924 928 2956 ut
948 2923 1079 2957 earum
1100 2916 1333 2956 auctoritate
1353 2922 1492 2961 motus,
1514 2914 1630 2953 adno-
