1824 3171
171 142 274 181 clviii
638 142 850 183 REISKII
880 142 1176 183 PRAEFATIO

172 245 316 284 sineret
335 244 533 297 disperire.
592 247 672 286 Sibi
691 261 783 288 vero
802 262 879 288 non
905 248 1073 288 animum
1094 246 1261 286 defuisse
1281 247 1510 299 praeclarum
1537 246 1631 300 quid

170 307 358 352 enitendi,
379 309 448 346 sed
476 310 670 360 pecunias.
697 326 816 363 quare
846 311 917 350 sibi
945 310 1166 348 necessario
1195 311 1470 362 quiescendum
1497 311 1632 359 fuisse,

175 368 301 407 donec
321 369 542 409 Ludovicus
558 372 818 411 Beccatellius
839 373 910 411 sibi
933 372 982 409 de
999 371 1175 423 pecuniis
1191 373 1346 411 abunde
1361 373 1634 425 prospexisset.

173 429 248 468 His
269 430 438 480 adjutum
459 444 502 470 se
527 433 689 483 primum
711 434 892 479 omnium,
913 446 999 484 quae
1019 431 1179 470 edenda*
1192 433 1438 481 decrevisset,
1459 434 1538 472 sive
1559 433 1630 472 du-

170 491 264 529 dum
291 500 381 529 ante
404 495 484 541 ,iam
504 502 644 540 essent,
675 495 755 532 sive
780 495 951 533 nondum
979 493 1097 539 edita,
1120 493 1424 534 Demosthenem
1444 496 1626 541 edidisse,

171 553 462 603 diligentissime
482 567 504 593 a
523 569 562 593 se
584 557 844 602 emendatum,
862 563 901 594 et
922 568 1011 593 cum
1031 554 1182 606 optimis
1203 558 1490 607 exemplaribus
1510 557 1630 595 colla-

169 620 264 651 tum.
323 615 452 652 Verba
470 616 551 666 ipsa
577 615 686 653 Pauli
706 617 790 654 haec
809 624 911 654 sunt.
941 616 1088 659 τοὺτους
1108 622 1302 668 τοιγαροῦν
1321 617 1405 660 τοῦς
1420 620 1560 666 λόγους
1580 620 1629 660 ὡς

171 673 290 713 οἷόντε
308 674 354 721 ’ἦν
373 677 648 724 ἐπιμελέστατα
669 677 960 729 διορθωσάμενοι
979 680 1039 715 καὶ
1061 683 1138 721 τοῖς
1159 677 1417 729 δοκιμωτάτοις
1437 683 1512 717 τῶν
1531 681 1632 717 ἀντ-ι-

170 737 323 787 γράφων
347 737 670 785 ἀντεξετάσαντὲς,
699 755 757 778 σοι
784 748 1083 792 προσφωνοῦμεν.
1140 739 1206 778 Sic
1234 740 1393 791 gloriam
1422 741 1516 779 editi
1545 741 1628 780 De-

170 797 396 846 mosthenis,
419 805 459 836 et
487 799 518 836 si
546 800 638 850 quid
665 801 910 852 postmodum
939 801 1110 839 editurus
1142 809 1258 847 esset,
1280 802 1521 841 Beccatellio
1541 816 1627 841 esse

168 859 644 901 tribuendam—Constat
676 877 725 902 ex
749 865 820 910 his,
843 864 1148 902 Demosthenem
1176 864 1339 914 primum
1371 877 1455 903 esse
1485 866 1627 903 librum

170 921 336 958 omnium
365 934 388 959 a
408 922 530 960 Paulo
551 923 734 963 Manutio
753 925 1008 976 proditorum.
1066 924 1321 976 Comparasse
1342 925 1394 963 ait
1415 929 1459 964 τὰ
1479 925 1628 978 δοκιμώ-

168 999 261 1020 τατα
280 984 504 1035 ἀντίγραφα,
527 997 612 1036 quae
633 994 762 1024 autem
791 987 856 1024 illa
874 985 1032 1030 fuerint,
1053 985 1157 1022 unde
1185 985 1320 1036 petita,
1349 987 1626 1038 manuscripta,

167 1055 216 1080 an
245 1043 346 1094 typis
367 1056 524 1090 excusa,
546 1058 594 1083 an
623 1047 670 1084 ab
698 1047 773 1085 alio
801 1047 980 1098 quopiam
1005 1047 1086 1096 jam
1105 1053 1301 1097 usurpata,
1322 1047 1474 1086 reticet.
1531 1047 1626 1085 Edi-

165 1104 271 1141 tione
294 1104 456 1143 Paulina
476 1107 565 1144 mihi
583 1107 691 1146 licuit
712 1108 765 1145 uti
781 1108 1017 1159 benignitate
1039 1108 1093 1146 Io.
1115 1107 1296 1146 Friderici
1318 1109 1485 1146 Fischeri
1503 1108 1551 1146 V.
1573 1108 1620 1147 C.

168 1164 399 1203 Professoris
430 1166 467 1203 in
493 1167 751 1207 Universitate
781 1169 988 1220 Lipsiensi‚
1017 1175 1056 1206 et
1077 1168 1255 1206 Rectoris
1282 1170 1435 1207 Scholae
1456 1169 1625 1207 Thoma-

165 1238 240 1270 nae,
258 1227 401 1277 optime
421 1228 470 1265 de
488 1229 597 1268 bouis
615 1231 733 1269 literis
748 1231 885 1278 meriti,
903 1231 966 1282 qui
986 1243 1070 1268 eam
1089 1243 1110 1268 e
1129 1243 1199 1269 sua
1216 1231 1449 1270 bibliotheca
1467 1243 1623 1269 mecum

169 1289 483 1329 communicavit.

751 1427 919 1470 SECT.
949 1427 1036 1470 VI.

499 1533 560 1570 De
585 1533 739 1572 editione
769 1534 819 1572 W
816 1535 890 1584 Offii
903 1535 1026 1584 prima
1042 1535 1289 1584 graecolatina.

217 1634 359 1672 VENIO
381 1647 483 1673 nunc
498 1637 547 1674 ad
568 1637 774 1676 editionem
792 1638 953 1689 primam
973 1637 1272 1688 graecolatinam.
1292 1650 1379 1675 nam
1399 1637 1573 1688 superius
1593 1650 1618 1675 a

164 1708 226 1732 me
242 1704 552 1734 commemoratae
573 1711 711 1748 gi'aeeae
728 1699 971 1737 solummodo
992 1702 1121 1737 sunt*
1164 1699 1313 1736 Primus
1333 1706 1455 1737 totum
1473 1700 1617 1737 Demo-

163 1757 340 1794 sthenem
370 1758 529 1795 latinum
549 1758 642 1796 fecit
662 1760 925 1811 Hieronymus
946 1760 1065 1806 Wolf,
1096 1761 1362 1810 Augustanus,
1393 1760 1449 1797 vir
1469 1761 1517 1798 de
1535 1761 1617 1798 De-

162 1819 365 1856 mosthene
382 1820 642 1858 immortaliter
662 1822 863 1866 meritus‚†
885 1822 951 1872 qui
972 1821 1274 1859 Demosthenem
1294 1822 1412 1859 semel
1431 1835 1614 1872 graecum,

161 1879 220 1916 bis
232 1880 534 1929 graecolatinum,
547 1889 604 1919 ter
614 1882 773 1920 latinum
789 1883 923 1929 edidit,
942 1896 1102 1935 quarum
1119 1883 1331 1920 editionum
1346 1884 1615 1923 successiones

162 1954 446 1992 persequemur.

215 2002 355 2040 Latine
383 2003 546 2053 primum
567 2005 687 2043 edidit
708 2006 822 2044 Wolf
837 2006 949 2045 Dem.
977 2005 1140 2043 Basileae
1160 2006 1207 2043 A.
1226 2009 1342 2044 1544.
1363 2005 1402 2042 ni
1421 2005 1546 2052 fallor,
1574 2006 1614 2044 in

161 2063 265 2113 folio,
286 2064 486 2114 splendide
505 2066 729 2117 impressum
748 2080 855 2118 opus,
876 2067 979 2117 quod
998 2067 1080 2117 ipse
1102 2067 1191 2104 olim
1210 2067 1339 2111 habui,
1362 2067 1502 2105 deinde
1529 2080 1613 2105 rur-

160 2138 236 2169 sus,
256 2132 492 2175 praepostero
513 2135 722 2172 contemtu,
743 2131 849 2176 cujus
868 2141 929 2165 me
949 2141 1050 2165 nunc
1069 2127 1244 2178 poenitet,
1264 2128 1431 2164 vendidi.

216 2184 366 2222 Deinde
382 2187 667 2235 gl’aeeolatinam
688 2188 850 2226 Basileae
872 2189 922 2225 A.
946 2192 1063 2227 1549.
1093 2188 1196 2238 apud
1213 2188 1427 2237 Oporinum
1447 2188 1484 2225 in
1504 2188 1610 2235 folio,

159 2259 236 2296 qua
256 2247 372 2284 carui.
391 2260 509 2297 quare
525 2249 573 2286 de
593 2262 639 2286 ea
657 2250 783 2287 verbis
806 2249 967 2286 Fabricii
987 2249 1102 2298 (Bibl.
1125 2249 1195 2286 Gr.
1217 2249 1264 2286 T.
1286 2249 1317 2286 I.
1335 2263 1372 2300 p.
1394 2250 1501 2299 926.)
1519 2251 1611 2289 mihi

158 2306 399 2344 referendum
428 2316 499 2355 est,
527 2310 692 2361 quinque
723 2310 905 2361 partibuS,
934 2322 1095 2360 quarum
1124 2317 1200 2347 tres
1219 2309 1363 2361 priores
1384 2324 1501 2362 opera
1528 2312 1609 2350 De-

202 2433 220 2451 *
245 2434 372 2463 Morbos
383 2436 419 2464 Τ.
436 2436 462 2464 1.
484 2446 514 2475 p.
532 2438 605 2466 96⁶2.
629 2437 695 2466 Etsi
716 2437 844 2467 Carolus
866 2438 1007 2468 Clutinus
1031 2439 1218 2468 Parisiensis
1239 2439 1393 2470 orationes
1413 2451 1518 2470 omnes
1545 2442 1609 2471 De-

157 2485 325 2514 mosthenis
344 2496 400 2514 una
417 2497 483 2515 cum
504 2487 619 2516 Libanii
637 2489 824 2525 argumentis
841 2496 871 2519 et
890 2490 1010 2528 Ulpiani
1027 2491 1250 2520 conuiientariis
1267 2497 1336 2520 ante
1353 2492 1497 2522 W'ollium
1513 2497 1609 2522 trans-

159 2534 269 2564 tulisse
291 2546 308 2564 a
325 2536 476 2566 Micliaele
493 2538 633 2567 Neandro
659 2539 853 2578 perhibeatur
871 2542 984 2580 pratsat.
1010 2541 1176 2570 Erotemat.
1202 2542 1235 2570 L.
1253 2543 1291 2570 G.
1308 2553 1337 2580 p.
1357 2544 1429 2572 ⁶2:31.
1446 2544 1484 2572 ab
1499 2544 1607 2573 eodem

157 2588 256 2615 tamen
274 2586 326 2615 lias
342 2587 499 2618 innnatura
514 2593 610 2618 morte
631 2596 806 2628 praeventus
829 2602 887 2620 non
905 2591 1040 2621 edidisse
1057 2592 1181 2622 dicitur.
1225 2592 1315 2623 ‘Vols
1330 2593 1432 2631 itaque
1455 2593 1554 2632 primo
1570 2594 1608 2623 Α.

159 2638 253 2667 1545.
277 2638 367 2667 tomis
383 2639 516 2677 quinque
532 2639 560 2668 in
580 2643 609 2670 8.
626 2641 707 2680 apud
725 2642 773 2670 Io.
796 2642 978 2680 Opuriuum,
994 2647 1035 2677 ct,
1050 2653 1117 2671 cum
1135 2642 1185 2672 ille
1202 2643 1373 2672 doctissimi
1391 2643 1498 2672 Wolfii
1523 2644 1608 2673 labor

157 2687 284 2717 calculis
301 2689 488 2718 eruditorum
503 2692 735 2729 approbaretur,
750 2693 858 2721 sactum
878 2697 936 2727 est,
953 2697 985 2721 ut
1002 2703 1071 2721 mox
1090 2693 1268 2729 secundum,
1286 2697 1375 2731 atque
1391 2694 1463 2722 item
1482 2694 1607 2724 tertium

156 2738 311 2767 ederetur.
352 2740 487 2769 'Paridem
504 2750 579 2770 vero
595 2752 611 2770 e
624 2747 731 2780 quarta
746 2742 920 2781 interpretis
937 2742 1143 2781 recognitione
1155 2742 1271 2782 prodiit
1288 2743 1415 2772 Basileae
1431 2744 1513 2782 apud
1530 2743 1607 2783 Epi·

156 2788 294 2826 scopium
314 2790 351 2819 A.
368 2792 463 2820 1572.

196 2844 211 2873 †
236 2837 336 2869 Vitam
353 2840 468 2880 egregii
487 2841 556 2877 viri,
572 2841 690 2882 abipso
706 2843 919 2881 conscriptam,
934 2847 965 2875 et
986 2854 1025 2875 cx
1050 2845 1117 2884 ejus
1139 2844 1261 2875 schedis
1277 2854 1295 2875 a
1313 2845 1424 2876 Iacobo
1442 2846 1603 2876 Bructero

155 2893 194 2922 V.
207 2893 242 2922 C.
260 2891 370 2922 editam
388 2892 417 2921 in
433 2893 516 2922 calce
531 2893 619 2932 hujus
632 2893 733 2933 operis
748 2893 885 2925 reddam.
