1824 3171
536 161 614 198 AD
646 158 1105 197 DEMOSTHENEM.
1431 160 1548 199 cxcix

101 264 363 309 Platoncmve‚
385 275 460 300 non
481 270 540 299 est
560 261 669 299 unius
689 260 865 306 hominis,
886 274 976 306 non,
996 275 1108 312 paene
1128 261 1306 306 dixerim,
1328 263 1437 300 unius
1458 271 1551 301 oeta-

97 326 159 363 tis.
181 327 377 377 ἐρανιστάς
405 327 495 373 (qua
529 322 773 359 similitudine
807 322 1024 360 delectatus
1058 331 1117 361 est
1146 323 1449 372 Demosthenes)
1481 337 1550 362 nos

101 399 186 424 esse
207 399 274 436 par
291 392 362 422 est.
418 384 646 437 Symbolam¹
661 383 821 433 quisque
834 397 942 421 suam
959 385 1146 430 conferat,
1167 384 1276 422 nulla
1291 397 1377 421 cum
1397 384 1550 431 invidia,

101 447 206 483 nulla
225 444 476 494 malignitate,
498 444 602 481 nulla
618 443 808 481 virulenta
826 444 940 481 bonae
959 445 1167 483 voluntatis
1194 445 1450 483 insectatione
1470 445 1554 482 lite-

100 508 150 544 ris
169 506 296 551 noxia,
318 513 360 542 ut
379 519 464 555 quae
486 505 775 543 contentionem
806 505 854 542 ad
880 505 1032 544 laudem
1053 507 1244 558 reprimat,
1267 513 1317 551 et,
1337 506 1443 544 velut
1464 507 1555 555 gelu

100 566 431 617 progerminantes
461 579 647 618 gemmas,
675 566 824 604 adurat.
854 566 1086 618 accipiamus
1116 568 1242 619 potius
1273 567 1457 618 quicquid
1484 573 1554 613 est,

100 628 204 678 quod
223 628 382 679 quisque
397 629 477 675 dat,
495 636 562 666 aut
578 642 665 666 cum
686 628 940 678 indulgentia,
962 637 1042 675 aut,
1063 629 1094 668 si
1113 643 1174 669 res
1193 629 1347 681 patitur,
1364 642 1451 667 cum
1472 629 1554 667 lau-

99 689 209 727 dibus
225 695 263 727 et
280 690 379 740 grati
396 690 510 728 animi
527 689 812 729 testificatione.

642 904 811 947 SECT.
843 905 1014 948 XXV.

611 1020 670 1057 Dc
699 1021 820 1058 ἶσα-ἱεῖς
847 1020 1048 1059 rhetoricis.

156 1124 252 1161 Hoc
280 1124 330 1162 de
349 1125 455 1161 fonte
476 1123 854 1161 demosthenicarum
883 1135 953 1160 seu
982 1121 1309 1169 emendationum,
1332 1135 1398 1160 seu
1427 1121 1559 1172 expla-

100 1183 311 1229 nationum,
348 1184 450 1234 quod
484 1183 626 1229 dicam,
662 1183 788 1220 habeo
825 1195 973 1233 parum.
1030 1182 1176 1221 Praeter
1208 1183 1561 1234 Harpocrationem

101 1245 286 1292 ejusmodi
312 1245 439 1283 lexica
466 1257 587 1296 penes
614 1257 677 1281 me
703 1244 809 1281 nulla
834 1250 936 1281 sunt.
993 1243 1146 1294 Dignus
1167 1243 1321 1294 quidem
1353 1257 1451 1281 nova
1480 1243 1562 1281 edi·

101 1306 205 1343 tione
221 1313 279 1344 est
295 1307 567 1358 Harpocratio,
585 1304 790 1357 recepique
803 1318 825 1343 a
840 1318 902 1343 me
916 1305 1110 1343 edendum
1129 1305 1168 1342 in
1183 1305 1247 1343 illo
1262 1312 1561 1356 programmate,

101 1381 178 1420 quo
198 1384 321 1422 nuper
340 1371 387 1408 de
408 1384 494 1409 meo
514 1378 655 1409 conatu
677 1370 988 1408 Demosthenem
1008 1376 1246 1420 caeterosque
1267 1370 1440 1407 rhetoras
1460 1381 1565 1420 grae-

101 1444 167 1469 cos
185 1432 326 1470 edendi
346 1433 634 1483 significabam3
662 1432 766 1483 quod
785 1444 1030 1482 programma
1048 1445 1125 1469 non
1145 1431 1260 1470 modo
1277 1431 1424 1477 Belius,
1440 1432 1490 1470 V.
1513 1433 1563 1472 C.

103 1493 215 1531 Actis
241 1494 489 1531 Eruditorum
518 1494 784 1545 Lipsiensibus
805 1493 953 1531 curavit
972 1492 1101 1539 inseri,
1122 1492 1190 1530 sed
1209 1492 1325 1530 etiam
1346 1492 1564 1538 Harlesius‚

102 1554 152 1591 V.
172 1555 219 1593 C.
250 1555 413 1593 orationi
432 1555 710 1593 Demosthenis
738 1568 805 1605 pro
827 1555 981 1592 Corona
999 1567 1022 1592 a
1041 1567 1083 1592 se
1107 1554 1219 1592 editae
1247 1554 1423 1604 subjecit.
1482 1554 1564 1592 Sed

101 1616 149 1653 ab
177 1617 252 1654 hoc
282 1617 437 1668 quidem
466 1631 527 1655 me
557 1617 721 1655 deduxit
751 1615 911 1654 consilio
945 1615 1151 1653 auctoritas
1181 1615 1416 1660 Ruhnkenii,
1448 1616 1493 1653 V.
1515 1616 1562 1653 C.

105 1677 351 1724 ostendentis,
375 1678 697 1730 Harpocrationis
724 1677 1003 1728 exemplarium
1032 1677 1070 1714 in
1096 1676 1266 1714 tabernis
1293 1676 1454 1714 librariis
1483 1683 1570 1714 tan-

100 1746 180 1777 tam
199 1753 403 1791 superesse
423 1740 584 1791 copiam,
605 1747 648 1777 ut
667 1752 766 1777 nova
782 1741 862 1787 ejus
879 1738 1049 1777 editione
1067 1738 1182 1776 facile
1204 1745 1395 1776 careatur.
1440 1739 1564 1789 Cujus

101 1801 139 1837 in
154 1802 392 1840 auctoritate
409 1815 455 1839 eo
476 1815 560 1839 sum
579 1801 774 1845 libentius,
794 1800 898 1851 quod
917 1813 940 1838 a
959 1801 1192 1839 tractatione
1212 1801 1563 1851 grammaticorum,

101 1875 176 1912 quo
195 1863 233 1899 in
251 1876 412 1901 numero
432 1862 650 1914 cumprimis
671 1869 762 1900 sunt
781 1861 1061 1913 lexicographi,
1082 1862 1230 1900 animus
1249 1861 1341 1899 mihi
1369 1875 1564 1912 nunquam

102 1933 181 1960 non
200 1924 356 1974 refugit.
413 1924 486 1962 Est
505 1924 660 1976 quidem
688 1936 807 1974 penes
827 1937 887 1961 me
909 1924 1039 1962 Photii
1057 1937 1210 1975 quoque
1231 1923 1412 1961 Lexicon
1432 1924 1563 1962 rheto-

102 1984 237 2022 ricum.
279 1985 357 2023 Sed
376 1986 423 2023 ab
443 1986 519 2023 1100
539 1999 694 2036 quoque
715 1986 869 2023 edendo
889 1985 1087 2037 complura
1104 1999 1166 2024 me
1187 1986 1425 2030 absterrent;
1445 1986 1484 2023 in
1504 1986 1563 2024 his

104 2047 164 2083 vel
195 2047 361 2085 maxime
394 2047 624 2085 incredibilis
657 2048 885 2085 mendarum
912 2060 1107 2094 numerus,
1135 2047 1273 2098 quibus
1307 2047 1473 2084 obsitum
1504 2054 1564 2085 est

105 2110 336 2160 exemplum,
365 2110 468 2147 unde
488 2109 721 2160 exscriptum
740 2116 799 2147 est
817 2122 960 2148 meum.
1016 2111 1122 2152 Quas
1150 2110 1310 2147 mendas
1337 2117 1375 2147 et
1404 2123 1563 2148 numero

104 2178 143 2207 et
167 2166 340 2209 foeditate
360 2178 438 2209 tam
459 2171 676 2216 abnormes,
696 2178 738 2208 ut
766 2184 827 2209 res
846 2171 964 2209 fidem
984 2178 1154 2222 superet,
1175 2171 1232 2209 sic
1250 2171 1289 2209 in
1309 2172 1436 2209 medio
1456 2173 1562 2223 poni,

103 2234 207 2271 haud
225 2234 376 2272 videtur
395 2248 416 2272 e
436 2248 477 2272 re
497 2234 689 2273 literarum
708 2248 806 2279 esse,
829 2234 898 2273 nisi
919 2235 949 2272 si
969 2235 1052 2285 quis
1072 2235 1163 2273 velit
1181 2235 1378 2273 materiam
1400 2235 1501 2283 dare,
1522 2236 1563 2274 in

104 2308 179 2345 qua
198 2295 392 2346 ingenium
414 2296 505 2334 felix
526 2303 565 2334 et
593 2309 733 2333 navum
754 2296 939 2342 elaboret,
961 2304 1028 2334 aut
1045 2296 1094 2335 de
1113 2309 1188 2347 qua
1208 2297 1448 2347 grammatici
1468 2311 1562 2336 con-

103 2357 288 2394 tendant:
322 2357 452 2395 eluere
472 2364 601 2395 autem
622 2357 705 2395 illas
733 2357 906 2403 mendas,
934 2371 1061 2408 neque
1082 2357 1235 2408 ingenii,
1256 2371 1382 2408 neque
1402 2358 1466 2396 otii
1487 2358 1564 2397 mei

103 2424 176 2456 est.
234 2418 325 2456 Alia
356 2426 457 2467 sunt,
486 2432 573 2469 quae
602 2426 642 2456 et
670 2418 799 2456 malim
828 2431 962 2469 agere,
991 2426 1031 2456 et
1059 2418 1207 2457 felicius
1239 2425 1392 2457 acturus
1418 2419 1564 2460 videor.

106 2479 205 2516 Tum
239 2479 342 2516 haud
372 2479 464 2524 scio,
501 2492 579 2529 quo
604 2492 666 2516 me
696 2478 744 2516 sit
772 2479 900 2516 animo
920 2479 1066 2518 laturus
1086 2479 1150 2517 ille
1178 2479 1234 2517 vir
1253 2479 1561 2526 humanissimus,

105 2540 168 2590 qui
199 2540 347 2591 copiam
368 2540 425 2577 sui
454 2540 581 2577 Photii
609 2537 699 2577 mihi
720 2540 827 2588 fecit,
861 2539 891 2577 si
922 2539 1004 2590 ipso
1036 2539 1172 2586 inscio,
1205 2539 1337 2578 nescio
1370 2553 1417 2578 an
1446 2541 1564 2579 invito

105 2600 233 2646 etiam,
265 2601 419 2639 lexicon
452 2601 527 2638 1100
565 2601 691 2639 edam.
748 2600 867 2638 Adde
904 2601 1009 2651 quod
1044 2602 1206 2640 Photius
1242 2601 1281 2638 in
1318 2603 1562 2652 exponendis

107 2661 240 2710 glossiS
269 2662 501 2699 comicorum
530 2669 570 2699 et
598 2661 843 2712 tragicorum,
875 2675 988 2712 quam
1022 2663 1232 2708 rhetorum,
1265 2662 1314 2700 sit
1343 2663 1563 2714 diligentior

107 2728 219 2772 atque
240 2722 451 2773 copiosi0r;
472 2736 595 2773 eoque
616 2723 739 2760 minus
758 2723 933 2760 instituto
953 2736 1040 2761 meo
1055 2724 1386 2763 accommodatus.
1431 2727 1561 2767 Quare

109 2783 304 2832 provincia
321 2784 421 2830 haec,
443 2797 530 2822 cum
551 2784 678 2821 multis
699 2785 795 2829 aliis,
816 2784 960 2831 futuro,
979 2785 1150 2836 quisquis
1164 2785 1379 2824 secundum
1398 2799 1458 2823 me
1475 2787 1562 2832 erit,

109 2844 381 2884 Demosthenis
413 2846 550 2884 editori
588 2852 784 2883 reservata
813 2854 969 2885 maneto
1006 2847 1170 2899 integra,
1205 2847 1336 2886 lexico
1369 2847 1561 2886 rhetorico

108 2917 209 2952 eum,
229 2907 385 2957 ejusque
405 2907 557 2946 sodales
578 2906 802 2947 instruendi.
