1824 3171
196 131 246 157 cx
514 119 587 160 10.
618 119 868 159 TAYLORI
900 121 1331 160 PROLEGOMENA

196 218 244 257 T.
264 218 296 257 Ι.
318 220 392 258 col.
415 223 530 263 1277.
574 223 739 262 Casaub.
760 224 809 262 ad
831 224 1025 274 Theophr.
1057 223 1173 262 Char.
1202 237 1240 274 p.
1265 225 1329 264 77.
1351 222 1400 260 ad
1421 220 1566 259 Athen.
1595 225 1634 260 6.

193 283 258 318 24.
316 281 463 320 Habita
483 284 635 335 Olymp.
653 285 737 323 CX.
762 289 796 323 1.
812 288 866 333 (ν.
884 286 981 322 Phil.
999 284 1107 333 XII.)
1126 285 1254 323 Vales.
1275 284 1325 322 ad
1346 284 1543 333 Excerpta
1562 281 1637 320 Po-

194 340 272 392 lyb.
288 355 324 392 p.
345 350 423 380 not.
449 347 509 382 16.

252 402 410 453 Philippi
433 405 602 454 epistola.
635 406 762 443 vales.
783 420 819 456 p.
845 410 903 444 14.
935 409 1022 444 154.
1057 407 1144 445 176.
1175 406 1227 443 H.
1261 406 1390 455 Steph.
1413 405 1487 441 Th.
1507 404 1554 442 L.
1583 403 1635 441 G.

194 462 246 500 ΙΙ.
267 466 357 501 814.
387 465 587 502 Demosth.
610 467 657 502 ad
674 466 899 516 Philippum.
933 465 1124 502 Ainmian.
1146 466 1320 503 Marcell.
1337 480 1373 516 p.
1395 469 1486 506 576.

248 524 311 561 De
325 539 402 575 rep.
421 526 644 563 ordinanda.
660 527 805 564 Meurs.
829 527 873 563 A.
889 527 936 564 L.
953 529 990 564 2.
1005 529 1041 564 8.
1072 526 1201 563 Vales.
1221 540 1257 576 p.
1274 531 1338 565 69.
1355 530 1419 565 86.
1437 530 1524 564 130.
1546 528 1636 564 156.

196 585 342 623 Habita
363 586 518 637 Olymp.
542 591 628 626 106.
648 591 687 625 4.
734 588 861 625 Multa
879 588 998 625 habet
1016 588 1235 625 communia
1255 601 1343 625 cum
1364 587 1635 625 Aristocratea.

195 646 272 683 Hic
294 646 387 684 cites
405 647 555 685 Theon.
577 661 614 698 p.
632 651 694 686 10.
715 655 753 686 et
772 649 927 686 consule
947 662 1033 698 quae
1051 649 1237 686 habemus
1259 648 1297 685 in
1316 648 1423 686 aditu
1436 647 1636 691 Midianae,

194 707 361 744 Androt.
381 715 419 745 et
439 708 625 747 Aristocr.
642 710 798 748 consule
818 710 909 748 item
931 709 1086 760 Ulpian.
1107 709 1154 747 ad
1173 709 1382 748 Timocrat.
1402 722 1440 748 n.
1464 712 1551 748 153.
1573 708 1635 746 ed.

191 767 329 805 Lamb.
374 768 525 807 Fabric.
546 770 647 808 Bibl.
671 771 741 809 Gr.
764 771 811 809 T.
828 771 861 809 Ι.
878 772 916 808 in
933 771 1213 809 Demosthene.
1245 770 1398 809 Schott.
1419 770 1499 809 vita
1518 770 1633 808 Dem.

193 828 256 866 Ol.
282 832 369 868 106.
385 832 423 867 4.
453 830 627 868 Dorville
647 832 696 869 ad
713 832 859 870 Charit.
878 846 913 882 p.
936 835 1026 870 348.

245 889 308 927 De
338 890 536 935 classibus,
567 908 725 942 συμμορ.
756 892 872 930 Petit.
894 906 932 942 p.
953 896 1043 931 356.
1074 892 1223 930 Meurs.
1251 892 1299 929 de
1321 893 1363 929 F.
1385 893 1437 930 A.
1457 906 1495 943 p.
1519 894 1634 933 1716.

192 952 243 988 A.
273 950 322 989 Ι
346 954 380 988 1.
404 955 439 989 1.
471 952 618 990 Victor.
642 953 690 989 V.
720 953 766 991 L.
791 967 829 1004 p.
849 956 914 993 25.
962 953 1132 1004 Etymol.
1164 952 1225 990 Μ.
1254 954 1345 993 758.
1379 956 1443 992 53.
1474 952 1637 990 Tzetzes

193 1012 293 1051 Chil.
315 1016 380 1050 1).
397 1016 488 1052 540.
509 1017 602 1052 543.
632 1014 760 1052 Vales.
778 1029 815 1065 p.
835 1019 899 1053 40.
919 1017 1007 1053 112.
1033 1018 1119 1052 144.
1152 1014 1299 1052 Habita
1317 1014 1474 1065 Olymp.
1493 1017 1581 1053 106.
1598 1017 1637 1052 3.

190 1073 412 1125 Wesseling
436 1075 485 1112 ad
507 1075 670 1113 Diodor.
699 1077 725 1113 l.
751 1080 843 1115 413.
885 1077 1126 1126 Hermogen.
1159 1077 1246 1116 179.
1276 1079 1367 1115 416.
1398 1076 1445 1113 Τ.
1466 1078 1543 1126 περὶ
1563 1078 1637 1113 τῶν

192 1135 400 1188 συμμάχων
420 1136 527 1172 Suid.
548 1136 715 1187 Τίμημα.
779 1138 862 1174 The
899 1137 1056 1185 subject
1089 1137 1252 1187 Dionys.
1286 1137 1335 1173 ad
1370 1138 1498 1174 Amm.
1533 1137 1635 1173 Dor-

190 1196 277 1234 ville
316 1197 364 1234 ad
400 1197 515 1235 Char.
542 1211 579 1248 p.
596 1200 686 1239 257.
727 1199 929 1249 Langbain
950 1199 999 1236 ad
1018 1199 1186 1248 Longin.
1211 1198 1404 1248 Spanhem
1422 1198 1472 1235 ad
1491 1198 1634 1236 Julian.

189 1272 226 1309 p.
254 1263 341 1298 166.

244 1321 306 1358 De
326 1321 562 1360 Rhodiorum
578 1324 769 1362 libertate.
806 1325 912 1362 Stob.
934 1339 971 1374 p.
987 1327 1077 1362 364.
1109 1323 1237 1360 Vales.
1258 1336 1295 1372 p.
1312 1324 1377 1360 22.
1404 1321 1635 1360 Valkenaer.

190 1385 370 1420 Ammon.
391 1397 428 1433 p.
449 1387 538 1420 202.
572 1385 766 1422 Maussac.
786 1399 823 1435 p.
843 1388 906 1422 96.
927 1388 1018 1422 205.

244 1444 319 1481 Pro
350 1444 620 1493 Megalopolit.
653 1445 782 1482 Vales.
813 1459 848 1495 p.
871 1448 936 1482 48.
978 1444 1158 1480 Arcadiae
1187 1443 1333 1481 civitas.
1353 1444 1457 1482 dicta
1478 1445 1635 1496 Olymp.

190 1508 277 1544 106.
294 1509 331 1543 4.
364 1505 552 1554 Hermog.
574 1519 610 1555 p.
632 1509 723 1544 340.
745 1510 835 1544 395.
867 1506 978 1542 Fabr.
1002 1505 1047 1542 B.
1071 1505 1121 1542 G.
1145 1505 1191 1541 T.
1214 1505 1245 1542 I.
1266 1505 1304 1541 in
1327 1505 1608 1544 Demosthene.

240 1568 303 1604 De
323 1566 469 1604 foedere
491 1567 711 1605 Alexandri.
742 1567 903 1604 Photius
926 1567 1023 1604 Cod.
1045 1569 1136 1604 265.
1167 1566 1351 1603 Valcken.
1372 1567 1421 1604 ad
1454 1568 1635 1606 Ammon.

185 1633 251 1668 61.
274 1628 477 1665 Phavorin.
495 1627 532 1664 in
547 1628 748 1678 πρόβολος.
777 1628 980 1665 Νοὲεύεται
999 1628 1162 1677 Dionys.
1181 1627 1310 1665 Halic.
1332 1644 1372 1665 π.
1390 1628 1518 1667 δεινοτ.
1540 1630 1634 1680 Δημ.

181 1693 293 1741 juxta
310 1690 438 1727 finem.
484 1690 697 1740 Hyperidis
728 1697 787 1727 est
810 1693 922 1738 juxta
954 1689 1132 1726 Photium
1155 1696 1192 1726 et
1224 1688 1443 1727 Libanium.
1489 1690 1636 1729 Habita

187 1752 344 1803 Olymp.
370 1755 456 1789 111.
481 1754 514 1789 1.
547 1752 712 1789 Casaub.
741 1752 791 1789 ad.
813 1751 1008 1802 Theophr.
1032 1764 1068 1802 p.
1100 1753 1187 1789 161.
1219 1750 1349 1789 Vale-s.
1370 1765 1408 1802 p.
1434 1753 1521 1792 167.
1545 1755 1635 1794 176.

189 1814 293 1851 Suid.
317 1831 354 1850 π.
376 1812 580 1863 πρόβολος.

240 1875 469 1912 Dinarchus.
503 1875 650 1913 Meurs.
672 1876 758 1913 Att.
775 1875 887 1913 Lect.
908 1879 944 1913 3.
970 1879 1031 1913 11.
1063 1877 1124 1913 14.
1155 1874 1286 1912 Vales.
1309 1874 1357 1912 ad
1380 1874 1571 1925 Harpocr.
1592 1879 1632 1915 5.

189 1939 250 1978 17.
267 1940 331 1976 26.
349 1940 412 1975 32.
433 1940 497 1975 35.
515 1940 579 1976 45.
594 1940 658 1976 54.
673 1940 737 1978 87.
753 1941 817 1976 88.
831 1941 1000 1977 9l.103.
1021 1940 1108 1976 105.
1133 1939 1221 1975 110.
1246 1939 1440 1974 111.118.
1458 1939 1632 1977 70.133.

184 1998 254 2036 bis.
287 1998 430 2036 Muret.
450 2001 488 2036 2.
510 1999 546 2039 7.
580 1998 730 2036 Meurs.
748 1999 793 2036 A.
810 1999 857 2037 L.
877 1999 906 2035 l.
923 2002 960 2036 8.
981 2001 1019 2036 2.
1038 2001 1098 2036 10.
1114 2001 1151 2036 3.
1167 2001 1205 2036 5.
1228 2000 1289 2036 19.
1309 2001 1347 2035 4.
1367 2001 1405 2036 9.
1429 2001 1488 2036 13.
1513 2001 1573 2038 16.
1593 2002 1631 2038 5.

183 2065 221 2100 9.
240 2064 300 2099 14.
317 2064 381 2098 33.
403 2060 580 2097 Ammon.
600 2063 638 2097 in
655 2060 854 2111 Μαρτυρία
881 2067 920 2097 et
937 2061 1169 2110 ἐκμαρτυρία.
1191 2059 1335 2097 Canter
1350 2058 1450 2097 Nov.
1468 2059 1581 2097 Lect.
1596 2063 1633 2098 8.

187 2125 248 2161 12.
281 2122 435 2167 Pollux,
456 2125 493 2160 3.
512 2124 577 2163 27.
596 2135 630 2159 v.
652 2121 737 2158 Ind.
758 2123 795 2162 7.
818 2125 878 2160 lo.
903 2125 963 2160 11.
995 2121 1107 2160 Fabr.
1122 2121 1167 2158 B.
1186 2121 1236 2158 G.
1258 2119 1304 2157 T.
1327 2120 1355 2157 I.
1376 2120 1562 2158 Valcken.
1583 2121 1634 2158 ad

186 2185 367 2221 Ammon.
393 2196 429 2232 p.
450 2185 540 2220 202.
571 2183 739 2220 casaub.
761 2183 811 2220 ad
832 2183 1027 2233 Theophr.
1060 2183 1176 2220 Char.
1202 2195 1239 2232 p.
1259 2183 1351 2222 707.
1383 2181 1551 2233 Etymol.
1575 2182 1633 2220 M.

185 2246 277 2286 788.
301 2246 367 2284 57.
389 2247 481 2282 469.
502 2247 540 2281 4.
571 2243 763 2281 Ammian.
795 2243 974 2281 Marcell.
992 2247 1058 2282 30.
1077 2247 1116 2282 4.
1146 2245 1187 2280 ἐν
1208 2246 1256 2294 τῷ
1278 2246 1369 2280 κατὰ
1389 2243 1632 2282 Πολυεύκτου.

185 2305 355 2343 Putschii
372 2305 586 2342 Grammat.
606 2306 723 2345 1173.
744 2307 807 2344 25.
831 2305 966 2342 Pithoei
984 2305 1189 2342 Rhetores.
1211 2305 1371 2355 Diogen.
1394 2305 1522 2343 Laert.
1539 2305 1584 2343 T.
1598 2306 1631 2345 I.

182 2381 220 2418 p.
240 2369 326 2404 118.
369 2366 493 2403 Index
512 2366 562 2403 ad
583 2365 756 2416 Lysiam.
787 2366 985 2404 Maussac.
1001 2368 1057 2404 'ad
1080 2366 1274 2417 Harpocr.
1296 2380 1333 2418 p.
1359 2370 1445 2405 140.
1474 2370 1537 2406 34.
1563 2369 1633 2408 67.

184 2430 247 2469 77.
269 2431 333 2465 80.
361 2429 424 2467 87.
445 2429 509 2467 97.
532 2431 620 2465 100.
639 2429 730 2465 208.
751 2430 841 2466 260.
899 2427 990 2465 Not.
1010 2427 1058 2465 ad
1080 2428 1226 2466 Polluc.
1251 2431 1285 2466 1.
1303 2431 1368 2466 44.
1416 2428 1633 2479 Wesseling

183 2488 233 2526 ad
255 2487 416 2525 Diodor.
437 2487 469 2524 Ι.
489 2490 580 2526 585.
603 2487 657 2525 II.
679 2491 744 2526 98.
774 2489 961 2539 Hermog.
982 2503 1020 2539 p.
1042 2492 1133 2528 252.
1157 2492 1248 2529 389.
1279 2489 1408 2527 Schol.
1431 2489 1630 2540 Aristoph.

186 2549 315 2600 Equit.
339 2551 453 2587 1299.
484 2548 526 2586 P.
548 2548 671 2586 Faber
688 2549 908 2588 Sernestrd.
925 2553 962 2588 2.
976 2564 1012 2601 p.
1033 2554 1124 2591 271.
1143 2554 1233 2589 381.
1265 2551 1424 2588 Photius
1441 2551 1477 2587 in
1491 2551 1629 2590 Lexic.

183 2610 382 2660 Εὐανῖρία.
413 2610 635 2657 Θεογείτων.
668 2611 861 2661 Κλιμὰζει.
904 2611 1150 2662 Λαμπάδιον.
1186 2611 1390 2659 Λογισταί.
1424 2613 1630 2663 μοχθηρός.

183 2674 330 2721 οἳκημα.
345 2672 542 2720 ὁμοέρκιος.
564 2673 701 2722 ὀχεῖον.
721 2671 979 2722 παλίμβολος.
997 2678 1330 2724 παραφρυκτωρεῖν.
1355 2674 1631 2724 παλιναίρετος.

184 2733 334 2771 Meurs.
358 2731 501 2770 Exere.
523 2732 616 2770 Crit.
640 2733 682 2770 P.
705 2733 755 2770 ΙΙ.
775 2733 821 2770 L.
846 2737 880 2771 l.
901 2746 936 2771 c.
956 2737 994 2773 5.

236 2792 446 2831 Demades.
477 2793 614 2830 Pollux
640 2795 677 2834 7.
712 2798 798 2833 104.
830 2795 989 2837 Quintil.
1017 2794 1166 2833 Fabric.
1196 2795 1243 2833 B.
1271 2795 1321 2833 G.
1351 2796 1397 2833 T.
1426 2796 1459 2834 1.
1490 2805 1529 2835 et
1557 2798 1628 2838 IV.

185 2855 351 2893 Tzetzes
381 2855 428 2891 V.
458 2857 549 2894 345.
580 2855 652 2893 VI.
686 2858 774 2894 113.
803 2857 890 2896 179.
935 2855 1128 2894 Plutarch.
1159 2857 1195 2894 in
1228 2856 1358 2895 Solon.
1387 2871 1422 2908 p.
1452 2861 1539 2897 192.
1566 2860 1629 2899 ed.
