1824 3171
203 173 309 211 ccviii
629 172 839 214 REISKH
873 174 1170 213 PRAEFATIO

201 277 293 314 647.
317 276 377 312 18.
395 274 443 312 Θ.
510 279 604 315 651.
627 280 664 315 3.
689 278 717 314 I.
787 281 878 315 654.
899 281 936 316 9.
960 278 1009 315 K.
1079 279 1170 318 657.
1195 281 1256 317 19.
1278 278 1330 315 Λ.
1393 281 1483 316 660.
1504 279 1569 315 24.
1589 272 1650 314 Μ.

200 338 292 373 663.
313 349 402 386 pon.
425 336 474 373 N.
530 340 622 378 667.
642 341 680 375 2.
703 338 748 375 Ζ.
802 341 894 378 673.
921 351 1010 389 pen.
1032 339 1082 376 Π.
1137 342 1229 379 676.
1250 341 1315 377 23.
1339 338 1382 375 Ρ.
1437 342 1528 376 680.
1550 341 1587 376 3.
1608 337 1650 376 Σ.

200 399 292 434 683.
312 400 372 434 13.
390 397 437 434 Τ.
484 401 576 436 686.
599 401 659 436 11.
676 398 724 435 Υ.
768 402 862 437 689.
879 401 945 437 22.
961 400 1003 438 (1).

254 457 299 494 In
320 465 416 495 orat.
437 458 474 495 in
492 458 765 498 Timocratem.
785 461 878 501 703.
898 462 958 500 17.
978 461 1030 498 A.
1086 463 1177 501 705.
1198 463 1258 501 17.
1280 461 1326 498 B.
1384 461 1474 501 711.
1497 471 1583 509 pen.
1607 458 1650 496 Γ.

200 520 431 559 715.10.Δ.
487 521 664 560 722.14·.
686 521 730 559 Z.
801 522 891 561 725.
916 524 978 559 19.
1002 520 1055 558 Η.
1116 525 1207 561 728.
1230 524 1293 559 22.
1314 521 1358 558 Θ.
1416 523 1507 561 731.
1529 524 1593 559 26.
1617 519 1651 555 Ι.

201 583 290 618 738.
315 584 375 618 18.
394 580 437 618 Δ.
492 582 585 621 741.
604 584 670 621 26.
692 582 752 619 M.
821 584 968 622 744.1.
989 582 1040 620 N.
1113 585 1204 623 746.
1229 585 1285 620 18.
1311 582 1356 619 Ζ.
1425 583 1516 623 752.
1537 585 1576 619 8.
1598 580 1650 619 Ο.

197 644 289 683 755.
310 646 370 680 13.
388 642 438 680 Π.
495 643 587 682 761.
603 645 667 681 22.
685 643 726 680 Σ.
783 643 874 684 764.
891 645 955 682 25.
972 643 1020 680 T.

252 703 319 740 Ad
345 703 442 740 duas
470 703 508 740 in
529 704 833 754 Aristogitonem
865 704 957 741 nihil
987 704 1120 742 harum
1151 704 1344 742 literarum
1372 703 1489 742 dabat
1517 715 1651 753 margo

199 763 388 802 Bavarici.
409 764 458 803 ad
478 764 688 803 orationem
713 765 752 802 in
773 765 983 815 Aphoburn
1002 765 1167 811 tertiam,
1194 778 1259 803 seu
1283 765 1330 802 de
1351 764 1450 802 falso
1479 763 1651 802 testimo-

198 825 275 868 nio,
292 825 359 862 has
378 825 472 863 duas
499 826 599 864 solas
626 826 756 864 literas
774 827 825 863 A.
841 840 876 876 p.
891 829 978 865 514.
1001 830 1063 865 19.
1079 826 1157 864 edit
1186 826 1305 863 Paris.
1323 833 1362 863 et
1378 826 1423 862 B.
1437 824 1486 862 ad
1506 838 1544 875 p.
1557 826 1650 862 515.

197 889 261 924 33.
275 887 324 923 ad
344 887 576 936 reliquarum
596 887 879 938 insequentium
897 887 1063 925 omnium
1084 887 1228 925 nullam
1247 886 1430 925 harumce
1457 886 1649 924 literarum

200 947 407 998 quicquam
425 948 517 986 vidi.
549 959 551 961 ’
1582 953 1586 956 '
1643 952 1646 956 '

250 1071 308 1108 ΙΙ.
341 1072 466 1111 Index
485 1073 694 1113 lectionum
715 1085 861 1121 earum,
880 1086 968 1126 quae
996 1074 1035 1112 in
1060 1074 1231 1113 editione
1250 1072 1424 1112 Parisina
1443 1085 1466 1112 a
1485 1072 1653 1111 Morello

198 1141 238 1171 et
257 1133 448 1172 Lambino
477 1143 610 1174 curata
638 1137 830 1187 leguntur,
851 1136 918 1174 sed
945 1149 968 1174 a
993 1149 1053 1173 me
1080 1144 1311 1187 permutatae
1333 1143 1421 1174 sunt
1444 1135 1526 1173 aliis
1546 1147 1570 1173 a
1588 1147 1652 1172 me

193 1202 315 1233 marte
335 1209 425 1234 meo
446 1198 692 1248 excogitatis.
738 1199 848 1236 Prior
867 1211 1031 1249 quaeque
1051 1198 1167 1235 lectio
1187 1205 1245 1235 est
1265 1210 1325 1242 ea,
1348 1210 1463 1248 quam
1479 1195 1652 1234 Parisina

197 1256 357 1294 exhibet
385 1258 517 1304 editio,
545 1260 730 1310 posterior
758 1273 846 1298 mea
875 1260 1103 1309 conjectura
1131 1259 1170 1295 in
1190 1259 1296 1297 istius
1315 1258 1456 1296 veteris
1475 1256 1652 1295 lectionis

194 1318 322 1355 locum
352 1318 525 1357 suffecta.
583 1320 755 1358 Iudicem
784 1321 887 1358 hunc
907 1320 971 1372 qui
991 1320 1247 1371 conspicient,
1269 1333 1334 1357 eos
1360 1320 1413 1356 ita
1433 1320 1481 1356 de
1502 1330 1563 1356 me
1583 1331 1651 1356 no-

195 1379 260 1416 lim
280 1380 532 1429 ignominiose
553 1388 592 1418 et
612 1382 762 1430 abjecte
783 1381 1019 1427 existimare,
1039 1389 1080 1418 ut
1101 1382 1359 1432 suspicentur,
1381 1388 1448 1417 aut
1468 1379 1652 1418 calumni-

196 1447 321 1486 entur,
343 1441 419 1479 hoe
445 1442 552 1491 quasi
572 1449 759 1493 tropaeum
778 1442 934 1480 vanitati
961 1455 1058 1480 meae
1088 1455 1109 1479 a
1130 1455 1188 1479 me
1210 1455 1295 1479 esse
1315 1447 1499 1486 erectum,
1526 1447 1652 1479 osten-

194 1502 301 1539 tandi
330 1502 472 1552 ingenii
502 1515 608 1553 ergo,
632 1510 671 1540 et
691 1504 821 1541 nescio
848 1505 958 1553 cujus
983 1503 1022 1540 in
1053 1503 1309 1548 emendando,
1341 1515 1410 1540 seu
1442 1501 1652 1547 felicitatis,

192 1576 261 1600 seu
282 1564 479 1603 ubertatis.
535 1565 719 1613 Injuriam
740 1565 920 1616 equidem
947 1565 1060 1603 istam
1089 1564 1212 1602 modis
1244 1564 1423 1602 omnibus
1449 1563 1651 1615 deprecer.

194 1625 307 1663 Volui
337 1627 605 1664 tantummodo
631 1640 757 1665 meam
784 1627 822 1664 in
846 1626 998 1664 edenda
1019 1626 1292 1663 Demosthenis
1322 1625 1494 1664 oratione
1523 1636 1654 1675 graeca

190 1686 309 1725 fidem
329 1694 444 1737 atque
463 1688 704 1738 religionem,
726 1689 951 1726 censoribus
970 1687 1057 1733 mei,
1076 1687 1287 1725 lectoribus
1305 1686 1593 1731 Demosthenis,
1612 1692 1651 1722 et

191 1748 363 1798 inprimis
383 1748 518 1788 futuris
545 1753 628 1798 ejus
657 1750 871 1787 secundum
902 1762 964 1787 me
995 1749 1207 1787 editoribus
1241 1749 1470 1800 approbare,
1501 1747 1651 1798 copiam

193 1809 284 1860 ipsis
304 1810 498 1856 faciendo,
521 1824 639 1849 novas
659 1811 844 1848 lectiones
872 1823 894 1848 a
924 1823 986 1848 me
1013 1811 1207 1862 profectas
1241 1824 1328 1848 cum
1356 1809 1517 1847 vetustis
1546 1821 1652 1847 corn-

191 1872 365 1922 parandi,
388 1878 438 1918 et,
460 1879 547 1910 utra
569 1872 812 1924 praeferenda
841 1872 902 1917 sit,
928 1872 1160 1920 judicandi3
1189 1885 1238 1909 ne
1271 1872 1378 1908 locus
1412 1877 1515 1908 esset
1545 1869 1650 1907 calu-

193 1933 318 1978 mniae,
341 1940 407 1971 aut
429 1934 610 1985 querelae,
631 1934 795 1972 subdole
815 1941 854 1971 et
872 1932 1057 1971 malitiose
1077 1946 1210 1971 secum
1238 1940 1368 1970 aetum
1400 1944 1496 1976 esse,
1527 1930 1558 1967 si
1585 1930 1652 1980 qui

191 1994 279 2039 sint,
311 1995 374 2044 qui
407 1995 614 2034 vetustiore
649 1995 828 2046 quapiam
854 1994 1144 2042 ‘Demosthenis
1173 1994 1342 2031 editione
1381 1999 1552 2036 careant,
1585 1998 1653 2029 aut.

193 2068 312 2106 opera
340 2068 425 2094 eam
451 2056 681 2108 inspiciendi
709 2063 931 2107 graventur.
989 2055 1118 2093 Multo
1136 2055 1194 2093 his
1214 2055 1342 2106 plures
1361 2053 1652 2093 emendationes

193 2130 299 2155 meas
319 2118 508 2156 reservavi
529 2117 826 2156 commentariis.

194 2198 273 2236 Pag.
317 2208 409 2228 versu
427 2197 554 2239 [nostrae
579 2197 669 2239 edit]

209 2249 245 2288 '7
326 2252 350 2289 7
383 2252 470 2301 ἥπερ
490 2251 560 2287 αἰεὶ
588 2248 740 2296 βέλτιον
759 2250 780 2294 ἢ
801 2251 905 2300 ἡμεῖς
930 2249 1035 2299 ἡμῶν
1055 2250 1177 2286 αὐτῶν
1195 2245 1494 2297 ἐπιμελούμεθα]
1525 2248 1547 2291 ἡ
1576 2246 1652 2296 γάρ

481 2313 550 2348 αἰεὶ
568 2310 738 2359 βέλτιον,
757 2310 780 2357 ἦ
801 2313 907 2361 ἡμεῖς
930 2313 1035 2360 ἡμῶν
1057 2313 1191 2357 αὐτῶν,
1214 2311 1497 2361 ἑπιΙιιελουμὲ-ιή.

194 2374 246 2410 36
305 2375 355 2410 12
383 2372 543 2422 πρῶτον]
564 2372 732 2423 πρώτων.

195 2435 245 2472 57
306 2436 353 2471 12
383 2433 573 2484 τρέψεται]
596 2434 784 2483 ὃρὲψηι-αι.

195 2497 247 2534 75
331 2500 355 2533 8
385 2494 483 2545 οὔτε]
503 2495 596 2533 οὺέέ.

195 2558 247 2595 78
336 2563 349 2592 1
385 2557 492 2605 ὥστε]
518 2564 590 2599 σῶς
612 2572 662 2595 τε.

197 2620 246 2655 85
303 2619 354 2655 20
385 2615 451 2662 ὦν]
472 2620 545 2661 οὕς.

197 2683 247 2717 86
307 2682 354 2717 16
385 2679 533 2728 αὐτοὺς]
555 2682 678 2722 αὑτός.

196 2744 246 2778 88
327 2743 350 2778 5
382 2742 562 2792 νυμιίζείν]
585 2742 755 2792 νομίζων.

196 2806 248 2841 89
330 2804 354 2840 G
385 2803 599 2853 ὑπείληφεν]
621 2804 839 2853 ὑπειληφώς.

196 2869 247 2903 91«
330 2868 352 2901 8
385 2870 446 2901 νῦν
467 2864 513 2901 de
535 2878 620 2901 meo
642 2865 787 2907 addidi,
810 2865 901 2902 item

196 2931 246 2966 96
307 2930 348 2964 11
386 2928 477 2971 τότε,
500 2926 589 2964 item
