1824 3171
621 174 702 212 AD
733 172 1198 211 DEMOSTHENEM.
1538 171 1637 210 cxvii

180 295 218 332 p.
230 282 295 322 27.
326 282 364 319 4⁴.
381 277 471 328 πρὸς
481 276 736 326 Ἀμαθούσιον
751 278 831 327 περὶ
850 274 1103 325 ἀνδραπόδων.
1127 274 1322 311 Plutarch.
1338 287 1376 324 p.
1391 276 1482 312 201.
1500 288 1535 313 v.
1552 274 1636 312 Ind-

179 343 230 380 ad
249 340 442 380 Plutarch.
473 338 606 389 Opera
634 338 671 375 in
703 338 815 376 Fabr.
836 337 882 375 B.
909 337 960 375 G.
981 336 1028 373 T.
1055 336 1149 373 XII.
1180 335 1303 373 oratio
1331 340 1389 372 est
1414 335 1505 385 πρὸς
1530 335 1640 373 Νικό-

181 418 336 455 στρατον
355 415 390 439 ν.
414 401 603 450 Harpocr.
623 414 659 439 v.
691 403 904 451 ἀπογραφή.
945 402 983 437 5.
1006 404 1141 435 contra
1161 396 1452 447 Apollodorum.
1475 396 1576 433 Plut.
1598 396 1636 433 in

180 465 228 502 V.
250 464 362 501 Dem.
420 462 490 499 Est
507 475 554 500 ea
572 475 638 512 pro
660 462 901 498 Phormione.
930 464 970 500 6.
991 462 1065 497 κατ’
1078 460 1370 509 Ἀριστοτέλους.
1402 457 1583 509 Syrianus
1599 459 1635 495 in

180 526 370 574 Hermog.
392 524 542 561 Meurs.
565 524 603 560 in
625 524 725 562 Bibl.
748 523 896 561 Attica.
939 524 977 564 7.
997 523 1077 573 περὶ
1096 528 1167 559 τῶν
1187 523 1400 572 ἁρπαλείων
1418 523 1637 571 χρημάτων.

178 586 316 624 Isidor.
348 586 470 636 Epist.
506 585 574 622 IV.
603 588 696 624 205.
726 585 858 623 eadem
880 583 1030 621 videtui*
1059 585 1247 631 α’πολογία
1267 585 1341 620 τῶν
1361 581 1484 631 δώρων
1505 587 1542 618 et
1562 584 1641 631 περὶ

178 647 350 699 χρυσειόυ
370 647 419 684 ad
440 647 654 683 Ammaeum
675 646 763 692 fine,
792 646 951 683 Anticle
983 644 1188 683 Archonte
1209 643 1368 694 Olymp.
1402 645 1491 680 113.
1520 646 1557 680 3.
1600 645 1637 680 8.

179 709 258 759 περὶ
274 716 338 746 τοῦ
357 711 406 759 μὴ
424 707 818 759 ἐκδοῦναι”Αρπαλον.
849 707 1014 757 Dionys.
1037 705 1169 744 Halic.
1189 722 1231 742 π.
1249 705 1344 755 Δημ.
1367 703 1454 741 δειν.
1474 703 1564 741 fine.
1598 707 1636 743 9.

176 770 267 820 πρὸς
294 769 540 820 Ἀρτάβαζον.
573 769 757 807 Priscian.
787 768 812 806 1.
838 768 993 806 XVIII.
1016 768 1090 806 col.
1113 769 1228 808 1197.
1256 769 1322 804 22.
1372 769 1433 803 10.
1455 767 1535 816 περὶ
1565 769 1638 802 τῶν

176 833 366 872 ἀτελειῶν.
412 832 483 869 Est
504 838 640 870 contra
659 831 718 868 vel
739 830 824 868 adv.
854 830 1071 881 Leptinem.
1117 832 1179 868 11.
1199 828 1292 879 πρὸς
1312 827 1508 877 Διόδωρον.
1531 826 1637 864 Suid.

177 906 214 930 v.
250 896 468 944 συνετιμήθη
498 900 537 930 et
568 891 852 943 συντιμηθῆναι.
884 892 972 942 lege
1007 890 1098 943 πρὸς
1127 889 1412 938 Διονυσόδωρον.
1458 891 1520 926 12.
1549 888 1640 938 ὑπὲρ

176 954 409 997 Διοπείθους.
455 955 586 992 Schol.
613 954 663 991 ad
695 953 860 1004 Philipp.
887 961 1062 1004 quartam
1097 952 1167 990 bis.
1198 950 1321 989 oratio
1346 956 1409 988 est
1441 950 1489 988 de
1519 950 1634 987 rebus

180 1016 452 1054 cherrhonesi.
501 1020 563 1054 13,
587 1017 776 1063 ἀπολογία
797 1018 871 1052 τῶν
891 1015 1025 1064 δώρων.
1055 1015 1220 1065 Dionys.
1243 1013 1372 1051 Halic.
1393 1029 1432 1049 π.
1452 1011 1547 1063 Δημ.
1570 1012 1640 1050 δει-

176 1081 253 1116 νότ.
284 1078 372 1123 fine,
405 1077 534 1115 habita
565 1077 721 1128 Olymp.
754 1080 841 1115 113.
872 1081 909 1115 3.
940 1077 1102 1128 Dionys.
1136 1077 1209 1126 Ep.
1237 1075 1287 1113 ad
1313 1075 1526 1111 Ammaeum
1547 1074 1639 1112 fine.

175 1140 313 1177 eadem
333 1140 508 1185 fortasse,
522 1153 608 1189 quae
628 1139 675 1176 de
696 1138 868 1189 pecuniis
889 1138 1122 1189 HarpaliciS.
1167 1141 1230 1176 14.
1252 1139 1331 1188 περὶ
1352 1137 1639 1189 ἐπιτριηραρχή-

174 1217 307 1252 ματος.
339 1201 445 1240 Suid.
475 1215 510 1239 v.
537 1202 695 1253 ἐφίερον.
736 1201 794 1237 Ea
825 1206 885 1237 est
913 1207 1050 1238 contra
1071 1199 1286 1250 Polyclem.
1310 1198 1442 1237 Vales.
1463 1199 1513 1235 ad
1535 1199 1640 1235 Har-

175 1277 285 1315 pocr.
313 1278 352 1315 p.
382 1268 470 1303 154⁴.
519 1267 582 1302 15.
612 1265 692 1314 περὶ
721 1272 785 1309 τῆς
803 1263 951 1309 ἐξούλης
977 1264 1107 1311 λόγος.
1138 1262 1334 1312 Harpocr.
1355 1274 1390 1298 v.
1422 1259 1639 1311 ’Ovili-wo*

182 1329 245 1365 16.
275 1327 366 1377 πρὸς
385 1325 589 1374 Ζηνόβιον.
620 1326 813 1376 Harpocr.
833 1338 869 1362 v.
891 1325 1001 1362 ἰδίαν.
1034 1327 1097 1366 17.
1118 1332 1254 1363 contra
1283 1322 1516 1360 Theoridem
1548 1323 1639 1361 Plu-

180 1389 304 1427 tarch.
325 1388 363 1425 in
382 1388 461 1426 vita
480 1388 714 1438 Demosth.†
759 1390 820 1426 18.
855 1389 947 1437 πρὸς
977 1386 1136 1438 Κριτίαν
1165 1388 1244 1437 περὶ
1274 1390 1339 1423 τοῦ
1367 1386 1643 1436 ἑνεπισκήμμα-

180 1466 255 1493 τος.
286 1450 478 1501 Harpocr.
506 1464 543 1487 v.
575 1449 846 1499 ε’·νεπίσκημμα.
905 1452 967 1488 19.
998 1451 1090 1486 κατά
1112 1447 1318 1489 Μέδοντος.
1359 1446 1500 1484 Pollux
1531 1450 1568 1484 8.
1598 1450 1637 1489 6.

179 1512 372 1562 Harpocr.
392 1526 428 1551 v.
449 1511 674 1549 Δεκατεῦειν.
693 1511 822 1548 Vales.
845 1524 884 1561 p.
906 1513 969 1548 38.
989 1524 1024 1547 v.
1044 1509 1174 1560 Lysiae
1192 1508 1422 1559 fragmenta.
1456 1510 1521 1545 20.
1543 1521 1635 1545 con-

179 1579 240 1610 tra
255 1573 533 1611 Mnesibulum.
555 1573 696 1610 Athen.
715 1572 856 1610 Exstat
871 1580 1005 1609 contra
1026 1572 1234 1622 Evergum.
1265 1573 1329 1608 21.
1351 1570 1554 1608 Pausaniae
1575 1583 1643 1608 en-

178 1634 357 1672 comium.
380 1634 542 1686 Dionys.
561 1634 761 1671 Halicarn.
808 1637 873 1672 22.
903 1634 991 1683 πρὸς
1006 1633 1207 1684 Περικλέα.
1228 1632 1414 1670 Priscian.
1435 1632 1459 1669 l.
1481 1634 1544 1673 17.
1565 1632 1640 1670 col.

180 1698 297 1734 1089.
315 1699 381 1733 48.
429 1698 492 1733 23.
514 1697 602 1745 ὑπὲρ
629 1697 788 1746 προικός.
820 1695 1007 1733 Priscian.
1036 1708 1075 1745 p.
1109 1697 1224 1732 1180.
1246 1696 1311 1732 29.
1355 1693 1485 1731 Hodie
1508 1701 1644 1732 contra

179 1755 377 1807 Spudiam.
425 1759 489 1795 24.
519 1757 558 1794 ἐν
587 1760 635 1808 τῷ
664 1758 752 1807 ὑπὲρ
783 1757 946 1808 ῥητόρων
974 1758 1090 1806 λόγῳ.
1123 1755 1260 1793 Suidas
1283 1768 1319 1793 v.
1340 1756 1433 1806 ἅμα.
1477 1757 1541 1794 25.
1570 1769 1642 1806 pro

178 1817 319 1869 Satyro
346 1819 480 1856 tutelae
510 1826 646 1856 contra
679 1819 967 1857 Charidemum.
999 1818 1114 1854 Phot.
1145 1817 1233 1855 cod.
1261 1820 1353 1856 265.
1385 1817 1645 1856 Demostheni

176 1880 386 1929 abjudicat.
430 1881 688 1919 Callimachus
708 1880 897 1919 Dinarchi
921 1893 1005 1918 esse
1025 1880 1182 1917 mavult.
1203 1880 1265 1917 alii
1282 1880 1427 1931 Lysiae.
1474 1883 1540 1919 26.
1562 1883 1645 1933 περὶ

176 1947 401 1998 συμμάχων.
424 1942 529 1981 Suid.
550 1957 586 1980 v.
608 1947 764 1994 τίμημα.
783 1943 872 1980 fort.
904 1944 983 1994 περὶ
1012 1949 1085 1980 τῶν
1106 1949 1333 1993 συμμοριῶν.
1369 1944 1435 1983 27.
1465 1945 1559 1981 κατά
1577 1944 1644 1981 T..

179 2009 339 2057 μάρχου.
386 2005 445 2043 Ita
469 2005 766 2057 Lexicographi,
799 2005 853 2043 ita
882 2005 1075 2056 Ulpianus
1101 2004 1141 2041 in
1173 2004 1305 2042 Schol.
1327 2011 1451 2043 contr.
1475 2005 1643 2043 Midiam

179 2066 242 2104 ed.
277 2066 397 2104 Paris.
417 2080 455 2117 p.
477 2070 567 2105 330.
589 2081 627 2104 n.
653 2069 718 2108 71.
775 2067 892 2104 Forte
922 2073 1056 2104 contra
1078 2066 1354 2111 Timocratem,
1376 2073 1442 2103 aut
1472 2066 1560 2104 fort.
1582 2068 1646 2104 ΖΕ-

176 2127 320 2166 schinis
340 2142 373 2167 c,
404 2128 453 2166 T.
472 2128 559 2166 vide
589 2128 750 2166 similem
777 2141 948 2166 errorem
981 2128 1035 2165 H.
1066 2127 1251 2178 Stephani
1280 2127 1317 2163 in
1347 2140 1415 2164 ora
1435 2128 1639 2167 AEschinis.

180 2195 238 2241 (π.
253 2189 494 2241 παραπρεσβ.
513 2190 659 2237 credo.)
689 2193 755 2228 28.
785 2193 877 2227 κατὰ
891 2190 1086 2240 Φρύνωνος
1102 2192 1365 2240 προαγωγείας
1388 2188 1520 2226 Schol.
1541 2189 1645 2227 Her-

178 2264 283 2302 mog.
318 2265 359 2302 p.
390 2254 482 2290 245.
514 2254 605 2290 264⁴.
653 2254 718 2290 29.
747 2251 838 2302 πρὸς
868 2250 1099 2300 Χαρίδημον.
1134 2253 1183 2298 (V.
1209 2251 1268 2289 tit.
1305 2250 1415 2300 25.)‡
1468 2254 1534 2289 30.
1564 2253 1643 2302 περὶ

178 2317 364 2365 χρυσείου.
383 2313 527 2351 Athen.
549 2313 576 2352 l.
602 2316 663 2352 13.
684 2327 722 2363 p.
743 2316 835 2351 293.
853 2319 892 2349 et
911 2315 1002 2351 592.
1026 2311 1124 2348 forte
1143 2312 1191 2349 de
1211 2311 1385 2362 pecuniis
1408 2312 1646 2363 Harpalicis.

182 2380 249 2416 31.
280 2378 371 2428 ὑπὲρ
390 2369 626 2427 Χρυσίππου.
643 2376 833 2427 Harpocr.
860 2374 999 2413 ἐπιθετ.
1020 2375 1112 2424 ἑορτ.
1131 2381 1169 2412 et
1187 2374 1347 2426 ἔφεκτος.
1368 2383 1503 2413 contra
1524 2376 1646 2414 Phor-

182 2438 349 2476 mionem
370 2445 441 2476 est.
469 2452 504 2476 v.
525 2438 657 2476 Vales.
676 2438 727 2475 ad
747 2437 939 2487 Harpocr.
960 2450 998 2487 p.
1019 2440 1084 2475 83.
1127 2440 1192 2475 33.
1221 2439 1301 2487 περὶ
1320 2441 1472 2488 χρυσοῦ.
1495 2438 1641 2476 Athen.

180 2514 218 2552 p.
234 2500 351 2550 64l.§
395 2503 458 2538 34⁴.
489 2500 577 2551 ὑπὲρ
606 2503 746 2552 χωρίου
764 2497 934 2546 βλάβης.
978 2498 1164 2538 Priscian.
1187 2498 1260 2538 col.
1297 2501 1412 2538 1095.
1440 2502 1478 2538 2.
1509 2507 1644 2538 contra

180 2564 384 2604 Calliclem
400 2568 493 2613 esti}

222 2670 243 2689 '²
267 2671 391 2707 Exstat,
408 2675 514 2699 contra
531 2671 709 2699 Onetorern.

224 2724 239 2755 †
261 2721 385 2757 Exstat,
401 2727 506 2750 contra
521 2721 735 2751 Tlieocrinem.

226 2775 241 2808 ξ
264 2772 393 2802 Videtur
409 2771 616 2801 Aristocraten.
632 2782 713 2801 esse.

224 2823 240 2863 ᾗ
263 2824 391 2853 Videtur
406 2824 512 2853 eadem
528 2833 596 2853 cum
613 2834 658 2852 or.
675 2822 735 2863 mg)
749 2820 866 2864 χρυσίου
885 2832 965 2852 esse.

226 2873 241 2914 ll
265 2875 351 2904 Adde
375 2875 541 2905 orationem
573 2885 628 2913 pro
655 2874 819 2914 Ctesippo,
840 2877 1104 2904 commemoratam
1129 2884 1146 2903 a
1170 2872 1327 2904 Dinarcho
1351 2885 1380 2913 p.
1406 2876 1477 2903 104.
1512 2875 1559 2904 19.
1592 2873 1644 2904 ed.

182 2925 289 2965 steph.
306 2924 351 2966 [et
367 2936 384 2955 a
397 2926 552 2957 Plutarch.
566 2926 631 2956 vit.
649 2925 756 2967 Dem.]
774 2936 839 2966 quae
857 2930 904 2956 est
922 2925 1028 2956 eadem
1046 2936 1114 2955 eum
1131 2926 1291 2965 Leptinen.
