1824 3171
435 181 509 218 AD
542 179 700 219 SUUM
731 177 1030 216 DEMOSTH.
1062 176 1355 216 PRAEFATT.
1547 177 1633 214 lxix

167 282 253 334 quis
271 281 387 321 fuerit
405 281 469 320 hic
490 281 693 333 Ulpianus,
714 280 901 332 quibusve
925 280 1161 331 temporibus
1188 279 1335 324 vixerit,
1361 292 1438 317 non
1469 288 1634 323 constat,

170 353 303 383 tamen
322 357 411 382 eum
433 351 523 381 ante
543 344 687 394 aliquot
715 342 848 381 secula
866 342 1008 380 vixisse
1028 342 1225 392 probabile
1246 341 1319 390 est)
1341 342 1575 392 cogitabam,
1595 343 1633 378 in

169 419 216 444 eo
235 405 296 443 vel
322 404 491 455 genium,
512 405 573 442 vel
592 404 768 442 utilitatis
788 404 932 454 aliquid
958 403 1084 441 inesse
1115 411 1310 454 oportere,
1338 411 1454 452 atque
1478 402 1572 452 ipse,
1593 411 1635 440 ut

170 466 262 511 dixi,
281 465 544 512 memineram,
572 479 636 504 me
666 466 714 504 ab
742 478 790 503 eo
821 464 1068 510 admonitum,
1100 478 1177 502 non
1206 477 1328 515 pauca
1358 463 1635 501 Demosthenis

168 528 256 565 loca
270 534 310 565 et
326 527 559 566 intellexisse
580 527 733 573 rectius,
755 534 795 565 et
813 526 1034 577 diligentius
1056 526 1349 577 pervestigasse.
1406 527 1537 567 Quare
1557 537 1635 562 non

169 588 488 627 committendum
518 589 742 635 arbitrabar,
768 595 810 626 ut
837 588 1062 626 Graecarum
1088 587 1283 625 literarum
1314 587 1429 624 rudes
1459 599 1507 624 ea
1537 586 1637 623 utili·

169 657 250 688 tate
279 650 431 700 penitus
454 651 741 690 fraudarentur.
800 650 845 687 In
877 650 1005 688 animo
1039 650 1152 700 igitur
1184 656 1277 694 erat,
1310 649 1510 700 praeteritis
1540 647 1635 692 aliis,

170 725 255 762 quae
276 712 362 763 plus
381 714 584 750 verborum
605 721 645 751 et
664 712 922 757 obscuritatis,
944 725 1060 763 quarn
1081 711 1319 757 eruditionis,
1340 711 1541 756 haberent,
1563 709 1638 746 uti-

168 773 311 812 lissima
338 787 504 824 quaeque
532 788 583 813 ex
604 788 651 813 eo
670 774 859 826 decerpta
877 773 1048 811 inserere
1069 773 1163 811 meis
1182 771 1520 817 Annotationibus,
1543 783 1637 821 quas

170 835 208 873 in
228 842 351 874 totum
371 837 675 875 Demosthenem
700 836 932 888 jampridem
961 835 1119 882 institui,
1140 842 1178 873 et
1198 842 1334 886 quarta
1354 848 1401 872 ex
1420 841 1530 886 parte
1549 847 1639 884 pro-

172 898 381 950 pemodum
409 899 567 944 absolvi,
597 899 839 937 absoluturus
859 898 975 936 etiam
998 904 1153 942 caetera,
1175 897 1247 935 nisi
1272 897 1438 935 fortunae
1458 895 1638 946 iniquitas

174 966 319 998 certam
338 973 384 997 ac
402 960 644 1011 tranquillam
664 960 810 1005 sedem,
831 968 870 998 et
890 959 1151 998 necessarium
1172 959 1221 997 ad
1241 966 1390 997 tantum
1421 971 1528 1008 opus,
1557 970 1642 1008 pro-

175 1028 260 1072 pter
286 1021 393 1072 quod
425 1021 591 1073 plurimi,
621 1029 701 1059 tum
733 1022 876 1068 Graeci,
907 1029 989 1059 tum
1022 1021 1152 1059 Latini
1183 1021 1401 1072 scriptores,
1438 1017 1640 1058 evolvendi

175 1089 302 1128 erunt,
323 1082 442 1120 otium
457 1089 632 1133 negaret.
690 1083 769 1122 Sed
789 1085 837 1121 ab
858 1084 934 1121 hoc
949 1083 1125 1120 instituto
1147 1082 1234 1120 duae
1253 1096 1315 1120 me
1335 1081 1500 1119 rationes
1516 1081 1639 1131 depu-

172 1143 300 1181 lerunt
321 1156 330 1181 :
361 1156 449 1188 una,
470 1143 572 1194 quod
592 1143 726 1193 injuria
744 1143 825 1182 fieri
845 1143 1049 1181 videbatur
1066 1143 1248 1194 Ulpiano,
1265 1143 1296 1180 si
1316 1145 1397 1190 ejus
1428 1155 1535 1192 opus,
1557 1145 1639 1190 Jam

174 1211 266 1242 ante
293 1203 480 1247 mutilum,
513 1205 636 1256 magis
668 1206 784 1244 etiam
814 1211 1070 1243 truncaretur.
1125 1204 1243 1247 Quod
1265 1204 1366 1241 enim
1385 1217 1459 1254 ego
1481 1203 1518 1240 in
1544 1202 1638 1240 meis

175 1265 351 1316 operibus
372 1273 412 1304 et
441 1267 756 1305 conversionibus
785 1266 1021 1318 iniquissimo
1051 1266 1179 1304 animo
1205 1266 1360 1312 ferrem,
1391 1267 1446 1316 (et
1475 1265 1558 1316 quis
1587 1265 1641 1302 ita

172 1327 269 1365 lenis
288 1334 354 1366 aut
374 1340 505 1366 socors
527 1335 595 1374 est,
614 1329 706 1380 quin
725 1342 795 1367 sua
813 1329 955 1380 scripta
973 1328 1186 1366 temerariis
1207 1328 1368 1366 aliorum
1388 1327 1563 1365 manibus
1583 1333 1641 1364 at-

173 1389 331 1428 trectari
359 1396 399 1428 et
427 1391 623 1441 compilari
653 1405 758 1442 aegre
788 1391 1002 1443 patiatur-P)
1032 1391 1079 1428 ab
1110 1403 1157 1428 eo
1190 1390 1370 1441 religiose
1399 1390 1491 1427 mihi
1520 1388 1640 1427 absti-

172 1451 343 1489 nendum
363 1451 404 1488 in
423 1452 582 1489 aliorum
603 1453 718 1491 etiam
738 1452 1069 1491 lucubrationibus
1090 1452 1315 1490 arbitrabar.
1357 1452 1508 1498 Altera,
1525 1452 1642 1502 quod,

174 1526 261 1564 quae
281 1525 356 1563 ego
375 1526 663 1565 supervacanea
683 1515 929 1561 censuissem,
951 1515 1048 1552 alius
1068 1514 1232 1553 fortasse
1262 1514 1480 1565 cumprimis
1502 1527 1643 1565 oppor-

174 1581 268 1612 tuna
286 1574 357 1612 sibi
377 1582 416 1612 et
437 1576 640 1614 commoda
653 1577 878 1625 judicasset.
936 1579 1043 1619 Quot
1063 1577 1164 1614 enim
1185 1576 1326 1627 capita,
1347 1583 1405 1614 tot
1424 1576 1640 1621 sententiae,

173 1642 214 1675 et
233 1649 341 1674 suam
360 1637 519 1687 quisque
540 1637 757 1688 opinionem
777 1645 889 1689 putat
909 1651 993 1676 esse
1014 1638 1212 1689 optimam,
1230 1644 1268 1675 et
1281 1651 1397 1688 quam
1416 1637 1531 1688 paulo
1551 1644 1641 1675 ante

172 1698 360 1749 probavit,
377 1705 462 1750 post
477 1699 560 1750 ipse
574 1699 766 1751 repudiat,
783 1706 826 1737 ut
842 1699 933 1737 mihi
948 1713 1034 1737 cum
1046 1699 1224 1738 Luciano
1241 1700 1459 1738 exclamare
1479 1697 1640 1737 subinde

175 1760 318 1799 libeat:

477 1831 560 1863 Οὐδὲν
574 1832 600 1862 ἓν
613 1833 783 1874 ἀνθρώποισι
799 1834 928 1875 διακξιδόν
945 1833 1009 1864 ἔστι
1024 1834 1124 1872 νόημα,

564 1883 673 1915 Ἀλλ’ἱὶ
689 1887 725 1915 σὺ
740 1886 913 1927 θαυμάζεις,
926 1885 1009 1916 τοῦθ’
1025 1885 1139 1927 ἑτέροισι
1156 1884 1255 1924 γέλως.

177 1952 262 1991 Etsi
282 1953 382 1991 enirn
402 1953 506 1991 illam
536 1954 848 1992 academicorum
870 1954 1136 2001 ἀκαταληψίαν
1156 1967 1235 1991 non
1254 1954 1392 2005 probo,
1409 1952 1567 1990 infinitae
1586 1958 1643 1990 ta-

176 2026 266 2051 men
286 2013 487 2051 doctorum
508 2022 548 2052 et
567 2015 784 2066 sapientum
805 2018 863 2062 (ut
891 2014 1084 2065 perhiberi
1109 2028 1149 2052 se
1177 2015 1324 2063 volunt)
1354 2027 1440 2052 cum
1468 2015 1515 2051 ab
1547 2014 1642 2059 aliis,

178 2082 258 2112 tum
280 2088 304 2112 a
331 2075 548 2126 semetipsis
570 2076 841 2122 dissensiones,
865 2077 980 2114 etiam
1010 2090 1098 2114 cum
1120 2077 1213 2114 nihil
1235 2077 1328 2114 dant
1349 2076 1557 2121 ambitioni,
1579 2083 1645 2113 aut

178 2136 423 2182 aemulationi,
453 2150 538 2174 cum
567 2137 750 2189 simplicis
770 2138 940 2176 veritatis
960 2131 1149 2176 rationem
1175 2139 1321 2176 habere
1351 2151 1392 2175 se
1414 2138 1560 2183 dicunt,
1581 2151 1644 2175 me

178 2198 429 2236 vehementer
448 2206 617 2244 movent,
638 2205 680 2236 ut
697 2199 825 2236 multis
842 2200 879 2236 in
900 2201 1014 2237 rebus
1035 2200 1229 2250 agendum
1250 2206 1289 2237 et
1308 2199 1640 2250 pronunciandum

178 2273 264 2298 esse
279 2260 428 2298 cautius
445 2260 674 2298 existimem.
732 2261 901 2299 Proinde
923 2275 971 2299 ne
985 2263 1143 2299 studiosi
1164 2262 1291 2299 Latini
1309 2262 1493 2300 sermonis
1514 2262 1550 2298 in
1571 2261 1645 2299 hoc

178 2336 297 2374 opere
316 2322 508 2360 deteriore
529 2323 752 2361 conditione
773 2330 915 2368 essent,
937 2337 1049 2374 quam
1073 2324 1222 2361 Graecis
1241 2324 1360 2362 literis
1381 2323 1531 2369 eruditi,
1550 2337 1644 2361 con-

177 2385 382 2423 vertendas
403 2385 518 2423 etiam
538 2385 607 2422 has
627 2385 783 2436 Ulpiani
800 2386 1063 2424 enarrationes
1084 2386 1248 2437 suscepi,
1270 2400 1347 2423 non
1367 2386 1441 2423 alia
1460 2400 1499 2423 re
1520 2385 1644 2436 magis

176 2447 310 2493 fretus,
328 2460 442 2498 quam
463 2448 631 2485 candore
652 2456 692 2485 et
706 2448 946 2486 humanitate
960 2449 1061 2499 aequi
1082 2448 1252 2494 lectoris,
1271 2448 1369 2499 (quis
1391 2448 1492 2485 enim
1511 2448 1554 2485 iis
1571 2447 1645 2485 dif-

175 2509 423 2554 ficultatibus,
454 2523 548 2561 quas
578 2522 694 2560 supra
722 2509 896 2561 exposui,
929 2510 1204 2555 circumvento,
1232 2511 1381 2548 veniam
1413 2524 1489 2548 non
1521 2510 1644 2557 daret,

176 2571 249 2608 nisi
269 2583 292 2608 a
308 2570 502 2609 communi
521 2570 638 2609 etiam
658 2584 771 2609 sensu
791 2572 938 2609 alienus
951 2571 981 2620 Ῡ)
1004 2580 1043 2609 et
1060 2571 1285 2610 assiduitate
1306 2572 1516 2623 diligentiae
1535 2585 1581 2610 ac
1602 2572 1641 2608 in

165 2632 366 2670 -doctrinae
398 2631 545 2679 studiis,
581 2633 719 2683 quibus
752 2647 813 2672 me
846 2634 1018 2684 iniquum
1055 2634 1211 2672 Saturni
1242 2635 1347 2672 sidus
1382 2635 1526 2685 exiguo
1554 2648 1641 2672 cum

177 2693 308 2731 fructu
321 2701 360 2732 et
380 2694 575 2744 voluptate
595 2694 779 2745 alligavit,
800 2695 1003 2733 tolerantia
1018 2695 1277 2733 molestiarum
1295 2704 1334 2734 et
1349 2696 1535 2734 laborum.
1567 2697 1642 2734 Co-

181 2755 305 2792 dicem
333 2755 450 2805 igitur
472 2755 669 2802 Graecum,
696 2756 762 2794 ubi
791 2757 829 2794 id
858 2756 949 2793 mihi
980 2757 1076 2794 citra
1101 2757 1374 2803 temeritatem,
1399 2766 1516 2808 atque
1543 2758 1642 2794 adeo

181 2829 271 2854 vere
291 2830 405 2867 posse
423 2817 554 2855 facere
574 2817 745 2864 videbar,
776 2818 915 2869 partim
935 2819 1061 2856 verbis
1083 2819 1372 2864 Demosthenis,
1390 2819 1438 2856 ad
1459 2832 1545 2869 quae
1562 2825 1643 2854 tota

183 2877 386 2928 explicatio
402 2879 607 2916 referenda
628 2886 698 2924 est,
722 2880 927 2931 diligenter
946 2880 1144 2932 inspectis,
1166 2881 1305 2932 partim
1327 2880 1529 2930 sagacibus
1550 2892 1643 2916 con-

177 2936 337 2988 jecturis
358 2939 546 2987 adhibitis,
567 2940 662 2979 locis
693 2941 778 2993 plus
805 2942 862 2980 bis
892 2942 995 2979 mille
1026 2943 1189 2989 correxi,
1211 2956 1336 2992 neque
1358 2942 1440 2979 fere
1461 2940 1642 2992 pauciora
