1824 3171
451 157 533 198 AD
561 156 719 196 SUUM
748 156 1040 197 DEMOSTH.
1069 157 1345 197 PRAEFATT.
1559 163 1633 201 lvii'

183 257 280 296 filios
298 256 372 296 vita
391 257 532 296 caelebs
551 258 713 310 negarit,
734 271 860 310 neque
887 266 1029 297 nostrae
1055 259 1178 310 gentis
1197 267 1312 311 atque
1341 263 1500 300 nominis
1519 263 1623 313 quis-

180 332 293 370 quam
311 325 504 369 superstes
523 320 632 358 nobis
652 320 734 358 fore
753 320 941 365 videatur,
962 320 1048 358 libri
1078 321 1197 358 nostri
1217 321 1378 358 liberum
1409 322 1491 360 loco
1512 324 1621 362 nobis

182 393 265 418 esse
284 380 438 426 debent,
466 381 602 432 quibus
623 381 856 419 Wolfianum
884 394 1024 419 nomen
1043 382 1091 419 ab
1118 381 1307 419 oblivione
1334 383 1565 432 posteritatis
1584 392 1623 421 et

181 441 229 478 ab
248 440 403 478 interitu
420 441 644 480 vindicetur.
700 443 788 484 Quo
815 442 937 491 magis
967 442 1081 479 etiam
1102 454 1218 492 opera
1236 442 1362 479 danda
1382 450 1452 487 est,
1473 451 1514 480 ut
1535 457 1622 480 cum

180 501 293 538 laude
314 508 352 539 et
370 502 489 552 gloria
508 503 645 553 potius,
661 515 774 553 quam
791 515 877 539 cum
896 502 1104 552 ignominia
1123 509 1160 539 et
1178 503 1318 552 probro
1338 503 1375 539 id
1396 502 1474 541 fiat.
1532 503 1622 540 Non

180 574 242 599 me
261 562 374 612 fugit,
395 563 486 614 quid
511 564 657 602 causari
675 563 795 614 possis
813 576 822 600 :
851 563 980 600 multis
993 566 1072 612 ⁴jam
1093 563 1199 600 annis
1220 563 1288 600 tibi
1317 563 1365 600 ad
1393 563 1478 601 haec
1498 564 1625 601 studia

180 623 241 661 vel
269 623 497 675 respiciendi
517 625 635 662 otium
656 624 846 662 defuisse:
877 624 979 662 domi
1009 637 1094 662 cum
1114 624 1176 670 sis,
1197 624 1315 661 totius
1336 623 1412 661 diei
1432 624 1624 662 discursa-

180 684 346 722 tionibus
367 685 418 723 ad
445 693 612 737 aegrotos
633 685 860 736 defatigari:
894 699 997 736 saepe
1028 685 1140 723 etiam
1169 699 1191 723 a
1220 685 1417 723 nobilitate
1436 685 1562 723 vicina
1586 693 1626 724 et

180 744 416 796 principibus
436 754 639 785 evocatum
659 759 681 784 a
695 746 798 783 libris
813 759 965 797 prorsus
984 747 1134 784 abesse.
1175 746 1262 784 Seio
1282 746 1366 791 ista,
1389 753 1426 783 et
1446 746 1626 785 honestas

179 806 271 844 istas
292 808 581 859 occupationeS‚
596 822 682 846 cum
696 807 862 860 praemiis
879 807 1089 846 autoritatis
1110 814 1148 844 et
1164 807 1293 858 gratiae
1310 810 1545 855 conjunctas,
1559 807 1629 844 tibi

179 868 366 918 gratulor.
424 869 503 908 Sed
523 870 623 907 idem
650 883 726 907 non
753 869 937 915 concedo,
968 877 1007 907 te
1036 869 1322 920 occupatiorem
1350 881 1434 906 esse
1455 869 1501 907 C.
1521 868 1627 906 ,Julio

183 929 351 975 Caesare,
371 931 436 980 qui
456 931 594 969 eodem
615 938 788 982 tempore
810 931 954 969 bellum
976 930 1168 968 Gallicum
1197 938 1237 968 et
1264 930 1396 981 gessit,
1419 938 1458 967 et
1485 929 1628 967 descri-

182 992 268 1042 psit.
327 991 448 1028 Multi
480 992 633 1037 dantur,
661 992 836 1043 hyberno
867 991 1079 1042 praesertim
1098 999 1283 1042 tempore,
1310 990 1629 1029 contractioribus

180 1053 328 1099 diebus,
350 1053 400 1091 ad
418 1053 543 1090 studia
561 1053 731 1090 reditus:
762 1060 802 1089 et
821 1065 911 1090 cum
938 1052 1065 1090 omnia
1083 1065 1160 1089 non
1179 1052 1295 1089 modo
1314 1052 1630 1103 philosophorum

181 1121 222 1152 et
248 1114 496 1158 medicorum,
527 1113 596 1149 sed
625 1120 820 1149 oratorum
849 1111 977 1155 etiam,
1004 1111 1102 1148 inter
1120 1125 1214 1161 quos
1242 1113 1424 1162 praecipui
1445 1113 1498 1148 tui
1519 1114 1629 1150 fuere

181 1173 420 1212 Camerarius
439 1180 479 1211 et
501 1173 701 1218 Sturmius‚
719 1172 832 1218 dicta,
854 1171 1053 1209 celeritate
1072 1171 1207 1208 calami
1228 1184 1327 1221 pene
1345 1172 1558 1209 incredibili
1578 1173 1629 1210 sis

181 1242 390 1280 assecutus,
416 1233 499 1271 fieri
517 1234 623 1271 nullo
641 1232 755 1270 modo
774 1238 912 1283 potest,
932 1232 1023 1282 quin
1048 1232 1113 1270 illa
1138 1231 1191 1270 ita
1210 1232 1286 1269 alte
1316 1232 1442 1270 animo
1470 1239 1538 1270 tuo
1557 1233 1631 1271 sint

179 1296 312 1343 infixa,
331 1303 373 1333 ut
391 1295 495 1332 nulla
521 1295 666 1346 possint
694 1293 884 1332 oblivione
905 1293 1038 1340 deleri,
1063 1306 1205 1344 easque
1224 1293 1375 1331 radices
1404 1294 1565 1344 egerint,
1587 1301 1632 1332 ut

180 1357 304 1396 solida
330 1356 504 1402 eruditio,
525 1363 565 1394 et
582 1356 730 1393 fructus
759 1354 993 1400 eruditionis,
1018 1354 1222 1403 judicium,
1250 1355 1340 1392 inde
1367 1355 1564 1406 pullularit
1592 1363 1632 1393 et

182 1417 398 1457 effloruerit.
454 1417 538 1454 Etsi
559 1417 673 1462 enirn,
694 1429 756 1454 me
783 1423 932 1461 autore,
962 1416 1076 1467 paulo
1105 1415 1224 1453 serius
1252 1415 1302 1452 ad
1331 1423 1532 1466 utramque
1561 1416 1631 1453 Iin-

182 1492 297 1530 guam
327 1487 366 1516 et
386 1478 570 1529 ingenuas
598 1485 698 1518 artes
729 1478 930 1515 discendas
958 1476 1162 1523 accessisti,
1184 1484 1313 1514 tamen
1339 1476 1448 1515 Deus
1470 1484 1632 1515 conatus

183 1549 281 1586 tuos,
297 1548 337 1578 et
357 1540 564 1590 diligentiae
585 1539 846 1577 assiduitatem
867 1539 918 1576 ita
936 1538 1155 1584 fortunavit,
1176 1545 1217 1576 ut
1235 1538 1350 1588 longe
1371 1546 1410 1576 et
1430 1538 1572 1576 diutius
1593 1545 1633 1577 et

180 1602 333 1652 felicius
363 1609 402 1639 et
432 1601 668 1639 constantius
696 1602 765 1639 sub
794 1600 1113 1652 praestantissimis
1139 1600 1383 1650 agonothetis
1402 1600 1439 1638 in
1457 1600 1528 1638 isto
1546 1600 1634 1638 lite-

183 1671 266 1701 rato
284 1663 422 1708 stadio,
442 1662 481 1699 in
511 1662 782 1708 celeberrimis,
811 1662 978 1712 inquam,
1010 1661 1228 1699 Germaniae
1250 1669 1289 1699 et
1317 1661 1455 1699 Galliae
1476 1661 1635 1699 Acade-

187 1725 285 1771 miis,
317 1724 371 1761 ita
390 1724 627 1769 decurreres,
648 1731 688 1761 ut
721 1723 924 1761 ordinatim
947 1724 1112 1760 honores
1141 1730 1307 1773 petereS,
1330 1729 1368 1760 et
1386 1735 1527 1772 magna
1546 1735 1635 1759 cum

183 1786 298 1825 laude
315 1786 524 1823 laureolam
539 1784 840 1835 consequereris.
897 1786 1024 1827 Quare
1045 1784 1137 1821 nihil
1157 1783 1223 1822 tibi
1236 1787 1353 1832 justae
1374 1782 1633 1822 excusationis

183 1848 359 1887 relictum
389 1854 459 1893 est,
482 1860 581 1893 cum,
602 1846 705 1897 quod
725 1859 800 1897 ego
819 1846 985 1897 postulo,
1011 1845 1051 1883 id
1081 1853 1120 1882 tu
1149 1852 1333 1896 praestare
1354 1852 1392 1883 et
1412 1845 1570 1890 debeas,
1592 1850 1632 1881 et

183 1909 297 1947 facile
313 1908 447 1959 possis.
505 1908 542 1945 Si
563 1920 654 1945 vero
674 1907 825 1957 gravior
840 1907 966 1957 aliqua
982 1919 1098 1944 causa
1111 1914 1150 1944 te
1165 1906 1396 1957 impedierit,
1412 1905 1509 1942 illud
1525 1911 1633 1942 certe

184 1970 318 2020 negari
348 1970 415 2007 abs
445 1976 484 2006 te
512 1969 603 2006 mihi
633 1969 763 2014 nolim,
785 1976 828 2006 ut
847 1969 1063 2014 doctorum,
1084 1981 1179 2018 quos
1198 1967 1309 2005 variis
1328 1967 1367 2004 in
1392 1966 1488 2004 locis
1511 1966 1633 2003 habes

186 2031 340 2075 amicos,
358 2037 397 2067 et
411 2043 513 2081 saepe
533 2029 615 2080 ipse
635 2029 852 2076 convenire,
873 2036 912 2066 et
927 2029 975 2066 ab
990 2028 1126 2065 iisdem
1146 2028 1340 2065 conveniri
1356 2028 1470 2073 soles,
1485 2026 1634 2075 judicia

185 2091 369 2141 exquiras,
399 2103 520 2140 eaque
541 2091 659 2128 libere
685 2097 893 2140 aperteque
920 2089 971 2127 ad
995 2102 1057 2126 me
1082 2088 1314 2139 perscribas.
1368 2088 1503 2125 Minus
1529 2087 1633 2125 enim

184 2151 289 2202 apud
316 2158 368 2200 te,
389 2151 480 2201 quid
508 2151 685 2196 sentiant,
708 2151 1011 2196 dissimulabunt,
1030 2150 1094 2200 qui
1114 2149 1295 2187 offensam
1317 2149 1431 2186 animi
1459 2149 1536 2187 mei
1563 2149 1632 2186 ali-

182 2225 297 2263 quam
316 2212 476 2249 fortasse
504 2218 739 2257 vererentur,
758 2211 788 2249 si
811 2211 945 2249 eadem
975 2211 1079 2262 apud
1110 2223 1173 2248 me
1201 2210 1464 2260 expromenda
1483 2216 1630 2248 essent:

184 2273 267 2311 sine
286 2285 399 2311 causa
417 2272 469 2310 illi
488 2272 653 2323 quidem.
712 2273 748 2309 Is
777 2272 876 2309 enim
900 2285 974 2322 ego
993 2284 1088 2315 sum,
1117 2270 1181 2321 qui
1199 2270 1297 2308 inter
1316 2271 1631 2308 calumniatorem

183 2341 224 2372 et
251 2333 476 2371 monitorem
505 2333 708 2384 plurimum
734 2333 919 2371 interesse
949 2344 1141 2370 censeam.
1197 2331 1299 2368 Nam
1318 2331 1381 2369 hic
1400 2331 1554 2382 quidem
1577 2344 1628 2368 ex

182 2395 452 2433 benevolentia
477 2402 516 2431 et
543 2394 763 2445 reipublicae
789 2393 966 2432 literariae
997 2393 1123 2430 studio
1153 2399 1278 2429 errata
1308 2392 1390 2430 sine
1416 2391 1628 2429 acerbitate

183 2456 298 2494 animi
317 2462 355 2493 et
374 2455 606 2493 contumelia
622 2455 824 2492 verborum
844 2452 1092 2504 reprehendit
1110 2454 1185 2503 μετ’
1208 2452 1379 2503 ἐλέγχων
1400 2455 1458 2489 καὶ
1481 2451 1627 2489 ἀποδεί-

181 2521 292 2563 ξεωνε
322 2516 386 2554 ille
406 2529 454 2554 ex
469 2515 609 2553 invidia
634 2522 672 2552 et
690 2515 779 2553 odio
807 2527 854 2552 ea
872 2514 1073 2564 vituperat,
1094 2513 1229 2564 quibus
1248 2525 1327 2549 non
1347 2512 1427 2550 edit
1445 2512 1625 2550 meliora:

183 2578 253 2616 sed
270 2591 317 2615 eo
334 2590 513 2628 magnum
532 2577 653 2614 virum
674 2589 715 2614 se
734 2576 854 2613 visum
876 2575 920 2612 iri
939 2582 1061 2626 putat,
1083 2574 1114 2612 si
1134 2586 1198 2611 eos
1217 2573 1394 2619 incessat,
1416 2573 1551 2623 quibus
1570 2572 1626 2608 in-

184 2639 284 2689 genii
311 2639 543 2676 monimenta
561 2637 719 2675 nominis
739 2636 881 2687 aliquid
902 2643 940 2673 et
968 2635 1102 2687 gratiae
1122 2641 1162 2672 et
1189 2633 1403 2673 autoritatis
1424 2633 1536 2671 etiarn
1556 2645 1625 2683 pe-

184 2707 378 2750 pererunt.
407 2699 519 2737 Vale.
577 2700 766 2748 Augustae
783 2697 1080 2736 Vindelicorum.
1102 2708 1203 2735 VI11.
1224 2695 1308 2735 Cal.
1336 2695 1446 2742 Maii,
1467 2695 1581 2733 Anno
1602 2706 1623 2730 a

183 2760 355 2798 restituta
371 2761 537 2798 humano
557 2759 688 2810 generi
709 2758 844 2806 salute,
865 2771 912 2797 M.
926 2770 966 2798 D.
988 2769 1149 2796 LXVIII.

242 2963 340 2989 vot.
362 2964 391 2990 1.
923 2952 943 2986 Ιι
