1824 3171
175 115 291 155 cxxvi
483 117 555 155 10.
587 117 841 156 TAYLORI
873 116 1312 156 PROLEGOMENA

175 218 407 255 Ammaeum.
449 218 561 256 Phot.
580 218 681 256 Plut.
702 219 739 256 in
762 219 881 257 Isocr.
901 219 1029 257 Schol.
1052 220 1100 257 ad
1118 219 1309 269 Hermog.
1332 217 1462 256 Schol.
1484 217 1532 255 ad
1548 217 1626 254 An-

173 279 274 316 drot.
295 292 331 329 p.
348 282 439 319 239.
486 281 624 318 Cicero
644 281 693 318 de
714 288 810 318 orat.
834 281 882 319 II.
908 282 946 331 §.
964 286 1027 320 94.
1057 281 1135 319 edit
1171 281 1315 331 Delph.
1348 279 1545 329 RivaJship
1563 279 1630 316 be-

171 345 296 377 tween
316 340 392 377 him
414 341 488 378 and
510 342 709 380 Isocrates'
727 342 880 380 School.
904 343 1035 380 Schol.
1058 343 1107 380 ad
1124 342 1289 379 Androt.
1303 350 1342 379 et
1357 343 1406 380 ad
1423 342 1631 380 Timocrat-

174 400 356 440 Isocratis
377 410 416 440 et
434 403 718 441 Alcidamantis
737 405 874 454 τέχνας
896 416 918 440 a
935 403 1058 441 Callia
1080 403 1326 453 Syracusano
1353 411 1393 441 et
1419 403 1501 440 aliis
1531 402 1629 439 clam

171 462 337 513 accepit.
395 463 631 514 Hermippus
652 477 703 502 cx
722 463 894 501 Ctesibio
915 464 1018 514 apud
1042 458 1238 502 Plutarch.
1261 464 1452 514 Adjungit
1475 464 1627 507 suidas,

172 523 271 561 Zoili
299 530 338 561 et
360 524 586 575 PolycratIS.
647 525 810 562 Audivit
841 524 1003 562 Zoilum.
1062 524 1274 563 Memoires
1305 525 1353 562 de
1384 525 1626 562 l’Academie

172 584 241 622 des
258 585 509 636 Inscriptions
525 586 571 622 T.
587 586 700 624 VIII.
718 600 756 636 p.
774 589 862 624 181.
908 585 1083 623 Isocratis
1099 586 1252 623 Schola.
1286 573 1446 624 Cicero.
1479 585 1626 623 Fabric.

170 645 210 682 in
226 645 409 684 Isocrate.
467 646 682 684 Alcidamas
705 647 786 684 Cic.
805 650 839 684 1.
869 646 1026 684 Tuscul.
1049 646 1213 697 Dionys.
1237 647 1365 684 Halic.
1393 647 1443 684 ad
1463 647 1626 683 Ammae-

171 720 249 744 um.
281 706 475 744 Plutarch.
533 707 732 758 Philippus
754 707 924 745 Macedo
947 708 1252 746 Demosthenem
1273 708 1396 753 militi,
1417 707 1626 745 Isocratem

171 768 290 819 pugili
311 768 556 818 comparavit.
600 768 716 806 Dion.
737 769 776 806 in
797 769 908 807 Isaeo.
948 769 1086 807 Liban.
1107 770 1146 806 in
1165 771 1280 807 Dein.
1298 770 1495 807 Plutarch.
1519 768 1626 806 Suid.

172 830 284 867 Phot.
314 829 352 867 in
381 829 556 867 biblioth.
586 843 621 880 p.
643 833 734 868 204.
755 838 793 868 et
813 834 903 869 804.
945 831 1180 869 Cleochares
1211 831 1460 881 Smyrleanus
1482 831 1627 868 Demo-

171 890 347 928 sthenem
376 890 493 936 militi,
526 891 739 928 Isocratem
768 891 923 929 athletae
954 892 1204 942 comparavit.
1253 892 1367 929 Phot.
1398 906 1434 942 p.
1455 894 1546 930 204.
1577 904 1627 928 ex

173 951 440 1002 Theopompo.
457 965 492 989 v.
512 952 664 990 Schott.
682 952 732 990 ad
749 952 905 1004 Olymp.
922 952 1008 991 CX.
1024 952 1184 991 3.Fabr.
1204 952 1313 991 B.G.
1331 952 1378 989 T.
1396 952 1465 990 IX.
1481 966 1519 1003 p.
1535 955 1627 990 435.

171 1013 247 1055 Qui
267 1013 407 1052 Photio
428 1021 487 1052 est
506 1015 750 1065 Cleophanes
772 1014 1014 1066 Myrleanus.
1047 1013 1148 1052 idem
1175 1014 1356 1052 Straboni
1388 1014 1549 1064 aliisque
1569 1021 1629 1051 est

171 1074 407 1113 cleochares
435 1075 696 1126 Smyrleanus.
724 1076 1054 1127 παραγγελμάτων
1080 1082 1258 1127 τεχνικῶν
1278 1081 1507 1126 συγγραφεῖς
1529 1075 1626 1112 Dio-

170 1150 253 1188 nys.
274 1138 324 1175 ad
341 1138 570 1175 Ammaeum.
592 1139 696 1175 ἀλλὰ
715 1138 797 1175 καθ’
813 1139 941 1188 ἑτέρας
961 1140 1063 1180 τινὰς
1083 1137 1311 1185 εἰσαγωγάς.
1352 1138 1462 1175 Id'em
1481 1137 1572 1175 ibid.

228 1203 290 1238 13.
311 1200 455 1238 Learns
483 1201 602 1237 action
627 1201 673 1250 of
699 1201 758 1238 the
785 1201 946 1250 βαθυνῶ
1005 1200 1101 1237 Tam
1122 1199 1326 1249 diligenter
1355 1200 1459 1251 apud
1481 1200 1627 1237 Aristo-

169 1261 300 1299 nicum
326 1261 568 1312 hypocritem
596 1261 755 1309 studuit,
781 1269 824 1300 ut
842 1285 895 1290 —-
913 1261 1072 1303 Quintil.
1093 1261 1163 1299 XI.
1184 1265 1221 1299 3.
1243 1275 1281 1311 p.
1303 1264 1393 1300 998.
1415 1261 1477 1299 ed.
1496 1262 1626 1298 Burm.

169 1323 284 1361 Phot.
314 1324 402 1361 cod.
424 1326 517 1363 265.
573 1323 810 1361 Aristonicus
838 1323 1057 1368 historicus,
1082 1323 1189 1361 Serv.
1211 1323 1260 1360 ad
1281 1323 1366 1360 AEn.
1389 1323 1466 1360 III.
1487 1327 1578 1361 3341.
1600 1322 1626 1359 f.

170 1385 413 1424 Aristonicus
443 1385 702 1425 histrionicus.
759 1389 808 1429 Q.
837 1387 893 1437 [id
914 1393 973 1424 est
992 1386 1153 1436 quaere.]
1210 1385 1328 1423 Polus
1346 1385 1532 1423 Chariclis
1554 1385 1626 1423 Su-

168 1447 324 1493 niensis,
354 1455 392 1485 et
421 1448 577 1499 Satyrus
610 1448 874 1499 Theogitonis‚
898 1448 1181 1492 Marathonius,
1213 1446 1431 1485 histriones.
1462 1446 1626 1484 Lucian.

170 1508 428 1561 Necyomant.
451 1509 496 1546 T.
519 1509 552 1548 Ι.
579 1523 616 1560 p.
639 1513 730 1548 336.
799 1509 1080 1560 Neoptolemus
1095 1550 1098 1553 ,
1116 1509 1317 1560 hypocrita
1355 1508 1553 1547 Plutarch.
1587 1508 1626 1546 in

169 1569 286 1608 Dem.
331 1571 414 1608 Nos
436 1571 485 1608 ad
502 1578 596 1610 orat.
618 1572 667 1609 de
687 1585 798 1623 pace,
821 1571 1016 1623 Leopard.
1040 1570 1204 1609 Emend.
1223 1570 1296 1607 IX.
1316 1573 1375 1610 15.

225 1636 286 1670 14.
317 1632 501 1670 Μελέται.
544 1632 734 1671 Studium.
770 1634 936 1684 Dionys.
973 1632 1102 1670 Halic.
1134 1648 1174 1670 π.
1208 1631 1429 1676 συνθέσεως.
1463 1632 1623 1670 Lucian.

169 1693 369 1732 Plutarch.
390 1694 530 1732 Liban.
552 1694 690 1733 Cicero
711 1695 758 1732 de
775 1697 886 1733 Orat.
910 1698 944 1733 l.
964 1698 1032 1733 61.
1088 1694 1247 1739 Balbus,
1269 1694 1420 1732 literam
1449 1694 1624 1732 caninam

166 1756 415 1807 pronuntiare
437 1770 514 1794 non
528 1756 677 1808 potuit3
702 1756 881 1807 perfecit,
904 1764 947 1794 ut
968 1770 1081 1794 nemo
1097 1756 1245 1807 planius
1265 1757 1528 1807 pronuntiaret
1541 1757 1624 1795 Cic.

171 1820 207 1855 1.
229 1818 278 1855 de
295 1817 406 1855 Orat.
430 1819 467 1868 §.
483 1820 575 1857 260.
595 1817 655 1856 ed.
673 1818 817 1869 Delph.
832 1819 963 1857 Valer.
984 1818 1093 1855 Max·
1108 1817 1223 1855 VIII.
1239 1819 1278 1858 7.
1336 1818 1503 1855 Omnino
1519 1818 1624 1855 Plut.

167 1878 208 1915 in
226 1879 314 1925 vita,
336 1886 375 1917 et
395 1879 433 1916 d.
454 1879 503 1917 X.
526 1892 579 1917 or.
599 1879 730 1918 Laert.
760 1880 798 1917 in
826 1880 1003 1918 Euclide.
1060 1879 1177 1921 Quod
1204 1879 1268 1916 ille
1296 1878 1622 1930 [Demosthenes]

168 1940 208 1977 in
228 1953 305 1977 una
324 1940 435 1978 litera
462 1940 556 1979 fecit
584 1941 846 1992 exprimenda,
879 1949 921 1979 ut
952 1954 975 1978 a
1007 1953 1103 1978 cane
1132 1942 1182 1991 ῥω
1210 1940 1388 1986 disceret,
1421 1948 1462 1978 tu
1491 1940 1529 1977 in
1561 1939 1622 1978 me

170 2002 397 2049 criminaris,
430 2016 549 2054 quare
582 2004 698 2041 homo
737 2005 785 2041 ab
823 2003 977 2040 homine
1017 2002 1207 2040 Hebraeas
1242 2003 1372 2040 literas
1410 2002 1622 2041 didicerim.

171 2065 403 2117 Hieronym.
436 2066 606 2116 Apolog.
646 2066 732 2104 adv.
756 2066 887 2103 Rufin.
921 2065 948 2103 l.
983 2068 1018 2103 1.
1056 2067 1097 2102 τὸ
1131 2066 1180 2115 ῥω
1225 2064 1621 2116 καταῤῥητορευόμενον

169 2127 273 2165 Plut.
295 2141 352 2178 gr.
381 2127 498 2165 Basil.
528 2142 564 2179 p.
597 2131 688 2167 389.
744 2127 864 2165 Multi
895 2127 1009 2165 etiam
1039 2133 1186 2164 naturae
1212 2126 1344 2163 vitium
1373 2126 1621 2163 meditatione

169 2195 285 2239 atque
315 2188 590 2227 exercitatione
624 2189 875 2234 sustulerunt,
908 2195 952 2225 ut
983 2188 1289 2225 Demosthenem
1320 2186 1452 2224 scribit
1485 2187 1624 2224 Phale-

169 2263 272 2297 reus,
311 2263 398 2288 cum
429 2250 518 2287 Rho
545 2250 674 2288 dicere
706 2250 894 2300 nequiret,
925 2248 1201 2286 exercitatione
1230 2248 1382 2293 fecisse,
1411 2256 1454 2285 ut
1482 2249 1623 2299 planis-

170 2312 265 2349 sime
295 2312 454 2350 diceret.
530 2312 669 2350 Cicero
696 2312 752 2348 II.
778 2311 826 2349 de
861 2310 993 2348 Divin.
1050 2310 1101 2347 A.
1123 2310 1272 2347 &elifius
1302 2310 1350 2347 de
1382 2310 1502 2348 Croesi
1530 2311 1622 2350 filio.

170 2374 245 2412 Dr.
267 2374 377 2410 Mede
406 2374 452 2424 (ff
472 2373 626 2410 Christ's
658 2373 801 2423 College
827 2373 926 2424 prcf
961 2379 997 2410 to
1031 2373 1268 2409 Terentianus
1296 2372 1467 2410 ,Μαιιι-ιιε.
1524 2373 1620 2411 Era·

168 2448 270 2474 smus
291 2435 338 2473 de
357 2435 498 2474 blaesis.
529 2436 704 2474 Camden
723 2435 762 2472 in
778 2434 1095 2473 Leicestershire.
1131 2434 1394 2485 Ἰσχνόφωνος.
1425 2435 1622 2483 Conjectis

168 2498 207 2534 in
228 2512 270 2536 os
290 2497 448 2536 calculis
477 2498 716 2535 inambulans
746 2504 783 2535 et
809 2511 971 2535 ascensu
1001 2495 1222 2547 ingrediens
1251 2496 1386 2533 arduo.
1430 2496 1568 2535 Cicero
1588 2497 1620 2535 Ι.

170 2559 219 2597 de
241 2559 407 2596 Oratore
423 2559 553 2596 Valcr.
577 2559 685 2597 Max.
707 2558 816 2597 VIII.
832 2561 870 2600 7.
929 2558 1089 2600 Quintil.
1113 2557 1185 2595 XI.
1207 2560 1244 2595 3.
1281 2557 1476 2595 Plutarch.
1509 2557 1623 2595 Phot.

171 2624 395 2673 ἰσχνόφωνοι
414 2620 504 2670 qui?
536 2620 802 2670 Hippocrates.
833 2620 973 2658 Galen.
993 2619 1222 2656 Aristoteles
1241 2618 1426 2668 problem.
1448 2618 1622 2669 Hesych.

171 2684 348 2721 Mercur.
369 2683 460 2719 Var.
476 2681 588 2720 Lect.
607 2682 674 2720 VI.
690 2684 727 2719 4.
784 2682 830 2718 In
852 2695 928 2733 quo
951 2681 1253 2732 [Demosthene]
1273 2688 1422 2718 tantum
1453 2680 1622 2718 studium

169 2745 298 2789 fuisse,
321 2751 525 2794 tantusque
545 2744 652 2780 labor
673 2743 810 2780 dicitur
830 2767 881 2771 ——
900 2756 1063 2780 ascensu
1082 2741 1304 2791 ingrediens
1325 2741 1457 2778 arduo.
1481 2741 1621 2779 Cicero

172 2809 203 2844 Ι.
222 2808 270 2844 dc
292 2808 401 2844 Orat.
469 2806 534 2843 Ad
562 2805 648 2842 litus
668 2805 888 2842 declamare
918 2804 1063 2841 solitus.
1122 2803 1282 2853 Propter
1313 2816 1398 2852 quae
1428 2802 1528 2839 idem
1558 2803 1620 2840 ille

171 2877 297 2907 tantus
330 2874 475 2907 mnator
505 2867 644 2906 secreti
666 2866 948 2905 Demosthenes
975 2866 1011 2903 iu
1043 2865 1163 2912 litore,
1193 2864 1230 2902 in
1257 2863 1360 2915 quod
1382 2877 1423 2902 se
1458 2863 1620 2902 maximo
