1824 3171
187 166 299 205 clxxx
636 168 850 208 REISKII
880 168 1173 207 PRAEFATIO

187 270 334 317 xandri‚
363 270 534 318 Diocori‚
563 271 742 317 Zenonis,
774 272 943 323 Aspasli,
970 279 1010 309 et
1035 271 1206 317 aliorum,
1235 281 1256 308 e
1286 269 1424 321 quibus
1452 271 1570 308 multa
1593 268 1633 306 in

186 331 397 383 Ulpianum
415 332 601 372 translata
619 332 829 384 suspicor.]
861 333 905 370 In
934 331 1100 370 Zenonis
1121 332 1169 370 ab
1190 331 1357 383 Ulpiano
1376 331 1521 369 laudati
1540 337 1633 368 aeta-

185 399 265 431 tem
279 393 433 445 inquirit
449 395 652 446 Chapman
668 395 756 433 diss.
775 395 824 432 de
838 393 1009 444 Ulpiano
1027 393 1064 443 §.
1077 396 1115 431 4.
1133 393 1326 431 collocans
1339 392 1477 431 eumin
1491 398 1639 442 tempo-

184 454 289 494 ribus
309 455 453 494 Juliani
473 456 579 506 Aug.
601 456 662 493 De
683 455 830 494 Caecilii
850 454 1131 492 commentariis
1156 455 1267 493 variis
1293 455 1333 492 in
1362 453 1564 492 Demosth.
1595 458 1636 489 et

186 516 280 554 alios
298 529 356 567 gr.
377 524 547 555 oratores
566 530 601 554 v.
621 516 751 568 script.
773 516 876 554 Hist.
895 515 995 554 Phil.
1018 515 1135 554 Ionsii
1150 516 1227 554 ΙΙΙ.
1247 520 1284 555 1.
1304 528 1340 567 p.
1356 520 1395 561 4,
1417 519 1454 555 5.
1470 525 1636 565 quocum

185 575 444 615 conferendus
464 577 684 616 Valkenaer
706 577 914 615 Animadv.
934 576 986 614 ad
1006 577 1184 615 Ammon.
1205 591 1247 628 p.
1272 580 1336 617 95.
1365 576 1429 627 qui
1448 576 1553 612 illum
1579 586 1636 611 re-

185 637 299 675 futat.
344 637 552 690 Antipater
568 638 882 690 Hierapolitanus
902 641 953 686 (v.
975 637 1088 675 Fabr.
1109 637 1156 676 B.
1177 637 1229 676 G.
1250 637 1318 675 IX.
1338 651 1374 688 p.
1393 637 1503 683 275.)
1521 637 1635 685 ὀλυμ-

185 701 339 742 πιακούς
353 714 391 737 τε
406 702 494 751 ἡμῖν
509 700 599 756 διῄει
615 703 673 738 καὶ
686 698 990 746 παναθηναῖκοὺς
1011 699 1205 750 (Isocratis
1222 706 1260 737 et
1278 697 1472 747 Aristidis)
1485 699 1637 744 λόγους.

187 757 437 799 Philostratus
456 762 495 798 in
514 762 598 811 ejus
615 762 691 800 vita
709 775 747 812 p.
766 764 857 800 606.
914 760 1116 811 Aspasium
1148 760 1339 798 rhetorem
1359 763 1637 797 commemorat

186 819 349 858 Photius
377 820 416 858 in
436 821 597 860 articulo
617 824 666 862 de
687 821 951 862 Demosthene
973 822 1073 859 Bibl.
1102 835 1140 859 n.
1170 825 1262 861 265.
1281 821 1432 859 videtur
1451 832 1535 857 esse
1556 818 1636 869 By-

185 880 498 932 blius‚Sophista,
513 883 670 934 aequalis
680 882 875 927 Aristidis,
886 895 921 920 v.
933 882 1046 921 Fabr.
1058 882 1130 920 IX.
1145 896 1181 933 p.
1192 884 1284 923 667.
1300 883 1365 920 ubi
1381 888 1420 919 et
1435 880 1497 919 alii
1511 881 1637 930 Aspa-

184 941 241 981 sii.
289 943 492 994 Asclepius
517 943 698 994 Sophista
717 943 830 981 Fabr.
854 942 921 980 IV.
942 956 981 994 p.
996 944 1089 983 479.
1146 942 1248 980 conf.
1266 942 1314 979 T.
1336 942 1404 979 IV.
1419 955 1457 992 p.
1476 944 1516 980 5.
1571 940 1637 978 De

186 1002 394 1042 Genethli0
412 1018 448 1042 v.
472 1003 579 1042 Suid.
601 1004 705 1055 apud
725 1003 839 1044 Fabr.
869 1002 941 1040 IX.
962 1017 998 1054 p.
1019 1005 1112 1044 705.
1133 1007 1171 1043 9.
1228 1003 1385 1054 Ulpiani
1404 1002 1497 1040 varii
1526 1001 1638 1039 Fabr.

186 1062 258 1101 IX.
279 1078 317 1115 p.
338 1068 430 1104 815.
461 1065 622 1117 Apsinae
640 1065 734 1103 varii
749 1065 862 1104 Fabr.
878 1064 948 1102 IX.
968 1078 1006 1116 p.
1027 1068 1119 1104 859.
1165 1064 1425 1115 Hermogenis
1445 1076 1541 1114 opus
1560 1065 1640 1113 περὶ

186 1125 345 1176 μεθόδου
366 1127 574 1174 δεινότητος
590 1140 666 1165 non
683 1127 899 1166 absolutum
911 1127 959 1164 ab
978 1127 1075 1176 ipso,
1095 1127 1165 1164 sed
1184 1133 1380 1164 auctorem
1401 1126 1486 1175 ejus
1508 1125 1638 1162 Minu«

187 1186 297 1224 ciano
318 1193 432 1238 atque
454 1188 590 1238 Apsini
610 1187 768 1225 multum
790 1188 948 1232 debere,
969 1186 1085 1224 tradit
1110 1187 1323 1224 Matthaeus
1354 1186 1572 1224 Camariota
1598 1186 1639 1223 in

188 1247 431 1298 Compendio
465 1249 696 1286 Rhetorices
726 1263 765 1300 p.
793 1251 859 1287 22.
902 1248 1040 1286 Plures
1068 1248 1177 1286 suere
1210 1248 1380 1298 Apsines
1408 1247 1637 1285 rhetores—-

186 1308 287 1347 forte
315 1316 374 1348 est
401 1310 565 1361 Apsines
594 1310 760 1347 Phoenix
788 1309 1115 1348 Gadarcnsis—-v.
1145 1309 1258 1347 Fabr.
1286 1309 1357 1348 IV.
1378 1322 1413 1360 p.
1433 1312 1525 1348 459.
1544 1311 1636 1348 460.

191 1369 321 1409 Cruda
339 1371 437 1416 haec,
457 1379 497 1410 et
521 1371 729 1422 indigesta,
748 1378 792 1408 ut
812 1371 965 1416 videtis,
988 1383 1035 1408 ex
1064 1370 1303 1416 adversariis,
1322 1378 1363 1408 ut
1382 1371 1472 1408 illuc
1500 1371 1641 1409 retule-

189 1444 282 1480 ram,
302 1433 450 1483 repetii,
470 1432 680 1479 materiam,
701 1433 739 1470 in
759 1445 832 1484 qua
855 1431 1066 1484 digerenda
1083 1432 1226 1485 posteri
1246 1433 1412 1471 editores
1428 1432 1639 1477 elaborent.

723 1607 891 1650 SECT.
923 1606 1063 1649 XIV.

191 1706 251 1744 De
281 1707 469 1747 codicibus
501 1711 753 1761 manuscriptis
782 1712 1049 1757 Demosthenis,
1081 1712 1207 1761 quibus
1234 1711 1436 1761 superiores
1469 1711 1526 1747 usi
1555 1717 1641 1753 sunt

836 1774 999 1812 editore&

243 1874 383 1912 VENIO
401 1888 501 1914 nunc
514 1878 564 1915 ad
584 1878 736 1917 codices
758 1878 906 1917 calamo
922 1885 1113 1924 exaratos,
1133 1877 1271 1928 quibus
1291 1883 1356 1915 aut
1375 1875 1437 1914 alii
1457 1874 1505 1914 ad
1521 1876 1639 1914 eden-

191 1936 281 1973 dum
301 1943 341 1974 et
360 1939 644 1977 emendandum
660 1940 981 1991 Demosthenem,
1001 1947 1066 1977 aut
1086 1952 1160 1988 ego
1179 1939 1217 1975 in
1244 1938 1318 1976 hac
1338 1937 1542 1976 condenda
1561 1938 1641 1976 edi-

188 1996 293 2034 tione
313 2010 403 2036 usus
422 2011 519 2045 sum,
539 2007 605 2037 aut
623 2013 785 2050 quorum
801 1999 849 2038 ad
861 2013 931 2038 nos
951 1999 1125 2051 pervenit
1144 1999 1293 2037 notitia.

245 2058 394 2100 Quibus
422 2073 444 2098 e
475 2060 674 2099 codicibus
694 2061 820 2099 Aldus
840 2073 949 2099 suum
969 2060 1276 2098 Demosthenem
1302 2059 1479 2106 ediderit,
1497 2059 1642 2111 primus

191 2118 380 2157 editorum
397 2121 579 2166 omnium,
599 2122 703 2160 haud
724 2128 900 2167 constat3
928 2133 1095 2159 unumne
1115 2128 1269 2158 secutus
1291 2120 1527 2171 exemplum,
1549 2134 1597 2158 an
1617 2134 1640 2159 e

190 2181 359 2231 pluribus
387 2181 575 2233 delegerit
600 2183 813 2222 lectionem
841 2183 939 2221 locis
967 2182 1178 2233 quibusque
1206 2182 1417 2227 meliorem,
1448 2194 1533 2232 quae
1553 2182 1640 2228 sibi,

190 2248 256 2279 aut
283 2242 599 2290 Carteromacho,
621 2244 828 2291 videretur,
859 2251 900 2282 et
929 2256 1094 2295 quonam
1123 2243 1176 2280 illi
1204 2243 1360 2280 codices
1390 2242 1642 2290 devenerint;

191 2304 381 2353 supersint
396 2305 537 2350 adhuc,
557 2318 606 2343 an
625 2305 821 2356 perierint.
877 2304 1026 2347 Quodsi
1045 2317 1144 2342 unus
1164 2303 1236 2340 fuit
1255 2304 1396 2348 codex,
1424 2316 1446 2341 e
1466 2316 1542 2354 quo
1563 2303 1643 2342 De-

191 2365 413 2403 mosthenes
428 2366 601 2416 primitus
621 2374 680 2404 est
700 2367 747 2404 ab
770 2365 874 2404 Aldo
890 2365 1029 2409 editus,
1049 2377 1124 2402 non
1144 2377 1193 2402 ex
1210 2364 1370 2415 optimis,
1391 2364 1460 2402 sed
1479 2378 1602 2416 neque
1620 2378 1643 2403 e

191 2426 368 2477 pessimis
387 2427 471 2474 fuit,
488 2427 558 2466 sed
579 2439 600 2466 e
620 2440 766 2478 genere
785 2427 926 2465 medio.
984 2427 1125 2464 Tribus
1154 2438 1196 2463 se
1217 2425 1413 2463 codicibus
1433 2425 1471 2463 in
1490 2426 1641 2464 univer-

192 2500 276 2524 sum
295 2488 412 2526 fuisse
425 2501 536 2526 usum
553 2496 716 2527 testatur
733 2488 854 2525 Aldus
874 2488 910 2524 in
926 2487 1069 2532 indice,
1091 2487 1179 2525 loeo
1199 2499 1259 2532 eo,
1277 2499 1389 2538 quem
1411 2498 1526 2536 supra
1540 2493 1641 2525 attu-

192 2548 316 2586 limus.
374 2549 464 2587 Non
484 2549 604 2600 magis
624 2549 780 2595 scimus,
800 2550 953 2599 quinam
973 2548 1116 2586 fuerint
1136 2547 1303 2593 codices,
1323 2547 1457 2597 quibus
1476 2560 1564 2585 usus
1582 2555 1642 2586 est

194 2610 418 2657 Felicianus,
438 2618 545 2662 quot·
561 2624 733 2657 numere,
754 2611 856 2648 unde
877 2610 1004 2657 sumti,
1025 2624 1100 2661 quo
1121 2609 1251 2647 delati.
1310 2609 1467 2647 Certum
1486 2608 1561 2646 hoc
1582 2616 1641 2647 est

193 2671 331 2709 multas
350 2673 470 2709 bonas
499 2672 682 2711 lectiones
702 2673 804 2709 illine
833 2672 987 2722 petitas.
1006 2671 1146 2708 multos
1168 2670 1273 2707 locos
1303 2669 1338 2706 in
1360 2669 1503 2707 Aldina
1531 2670 1640 2708 labo·

192 2741 321 2771 rantes
341 2733 433 2771 vitio
453 2740 606 2771 sanatos
628 2746 711 2771 esse
731 2733 903 2771 feliciter.
961 2731 1082 2769 Paulo
1111 2737 1201 2768 ante
1221 2730 1450 2767 Felicianum
1470 2729 1640 2768 criticam

195 2794 532 2832 Demosthenicam
563 2794 736 2832 exercuit
761 2794 815 2832 Io.
847 2793 1077 2843 Obsopoeus,
1104 2805 1180 2828 non
1206 2790 1422 2834 infeliciter,
1443 2790 1558 2827 homo
1583 2791 1639 2828 in-

194 2857 374 2901 dustrius,
405 2855 564 2893 edendis
594 2855 757 2906 Polybio
781 2862 817 2892 et
849 2853 1066 2891 Heliodoro
1096 2852 1242 2889 frotico
1273 2852 1321 2888 de
1350 2851 1467 2889 literis
1496 2851 1638 2901 optime

193 2918 363 2964 meritus,
394 2918 462 2956 sed
493 2917 647 2967 ingenio
677 2917 811 2955 critico
841 2929 914 2953 non
946 2914 1036 2952 satis
1067 2914 1283 2952 instructus.
1315 2925 1542 2963 quamquam
1573 2912 1639 2954 ina
