1824 3171
135 86 267 124 lxxxvi
720 89 752 128 Ι.
783 88 1032 130 TAYLORI

133 197 269 236 tarem,
290 190 320 228 si
340 190 495 241 quando
512 191 549 228 in
564 193 750 231 vertendo
770 194 892 232 minus
912 193 1072 232 feliciter
1093 184 1251 231 eederet
1270 191 1425 237 Wolfio,
1445 192 1508 243 qui
1529 199 1585 230 ta-

132 265 220 290 men
242 252 352 290 istam
379 254 612 304 provinciam
638 255 813 306 improbo
841 256 989 304 labore,
1011 267 1085 291 nec
1114 254 1248 291 minori
1282 254 1396 291 laude
1425 253 1585 291 admini-

132 315 286 353 stravit:
315 322 396 352 tum
417 322 458 352 ut
477 316 674 354 veritatem
694 318 870 355 lectionis
889 318 926 353 in
943 324 1053 354 textu
1070 316 1373 353 Demosthenico
1392 316 1492 352 sorte
1511 314 1587 351 for-

132 382 226 413 tuna
241 375 443 420 elicerem;
469 376 655 426 siquidem
674 378 906 428 antiquiores
922 378 1163 427 interpretes,
1183 376 1297 426 longe
1316 389 1428 414 secus
1448 389 1494 414 ac
1514 376 1584 413 ho·

132 437 268 483 diei-ni,
289 437 497 488 saepissime
518 439 772 476 vetustissima
800 438 1029 488 exemplaria
1054 437 1091 474 in
1112 450 1202 474 usus
1229 450 1317 475 suos
1336 438 1470 475 sedulo
1491 449 1583 474 con-

131 499 297 550 quirere,
322 511 530 549 eorumque
559 499 676 536 fidem
701 499 739 536 in
766 490 949 537 vertendo
978 497 1085 548 sequi
1104 498 1287 536 solerent.
1343 498 1407 535 De
1437 498 1584 535 Demo-

132 560 274 598 sthenis
294 567 422 597 autem
443 560 726 610 interpretibus,
744 560 807 611 qui
827 574 914 598 cum
944 572 1101 597 numero
1127 559 1200 596 sint
1224 559 1366 609 plures,
1387 559 1526 609 linguis
1546 566 1586 595 et

131 621 247 659 laude
267 620 418 666 diversi,
442 621 677 659 commodior
698 622 769 660 erit
789 621 943 660 dicendi
961 622 1090 659 locus:
1120 621 1170 659 ad
1197 628 1370 658 notarum
1391 621 1586 658 delectum

131 695 307 734 propero.
366 682 409 718 ln
429 695 476 720 ea
495 688 621 720 autem
642 683 765 734 operis
795 690 918 734 parte,
945 690 1086 734 praeter
1112 682 1306 719 Wolfiana
1324 695 1424 733 pene
1445 682 1584 727 omnia,

132 744 280 792 (recisis
308 743 557 793 paucissimis,
577 744 692 782 immo
712 745 838 792 nullis)
858 745 921 782 ubi
942 751 1068 782 textus
1088 744 1263 782 laborare
1284 744 1489 788 videretur,
1521 749 1588 780 aut

134 806 260 844 Codd.
287 805 545 856 discrepantia
564 807 771 857 quidquam
790 807 966 845 conferre
986 806 1035 844 ad
1056 810 1135 854 ejus
1156 813 1221 843 aut
1246 806 1421 851 nitorem,
1441 812 1507 843 aut
1526 817 1586 842 sa-

130 867 302 912 nitatem,
322 866 372 903 ibi
391 866 590 904 consilium
610 881 737 905 meum
755 867 955 906 admiscui.
1013 867 1058 904 Id
1077 874 1207 904 autem
1227 867 1340 917 quale
1361 867 1490 912 fuerit,
1519 878 1586 903 ne-

132 941 206 979 que
233 927 310 965 mei
339 934 396 965 est
416 927 490 965 loci
511 928 712 974 disserere,
733 942 870 980 neque,
891 928 922 966 si
940 928 981 966 id
1000 941 1244 979 summopere
1264 928 1481 973 voluissem,
1504 931 1585 976 jam

128 990 267 1027 suisset
283 988 486 1039 integrum,
509 1003 595 1027 curn
612 990 761 1040 judicio
774 990 966 1028 communi
994 1003 1056 1028 me
1081 1002 1284 1040 meamque
1312 990 1348 1026 in
1368 1003 1416 1027 ca
1434 1002 1474 1027 re
1503 988 1586 1026 exi-

130 1051 388 1090 stimationem
413 1052 565 1102 penitus
581 1052 832 1090 submiserim.
876 1053 997 1090 Porro
1017 1059 1156 1096 autem,
1177 1064 1418 1102 quaecunque
1442 1051 1480 1087 in
1501 1063 1587 1087 eru-

132 1114 298 1153 ditorum
336 1112 487 1165 scriptis
511 1114 561 1152 ad
580 1122 779 1153 auctorem
799 1122 968 1152 nostrum
989 1114 1049 1152 vel
1078 1113 1362 1159 elucidandum,
1383 1113 1442 1150 vel
1460 1125 1589 1150 einen-

132 1178 300 1215 dandum
329 1176 535 1228 quidquam
563 1176 745 1214 momenti
772 1176 916 1214 habere
935 1175 1169 1221 viderentur,
1191 1175 1324 1213 sedulo
1347 1173 1586 1224 investigavi.

131 1240 334 1278 Postremo
355 1238 559 1290 plurimum
588 1246 792 1289 acceptum
821 1238 947 1275 refero
976 1237 1200 1275 humanitati
1220 1244 1259 1275 et
1278 1236 1464 1274 doctrin-ee
1484 1248 1584 1273 sum-

130 1314 277 1339 morum
303 1308 342 1337 et
360 1299 756 1351 praestantissimorum
781 1299 990 1345 hominum,
1017 1299 1101 1337 Jer.
1121 1298 1357 1344 Marklandi,
1378 1305 1418 1336 et
1444 1296 1585 1336 Jacobi

131 1363 157 1401 J
163 1362 270 1407 urini,
292 1374 453 1413 quorum
471 1361 679 1398 amicitiam
701 1361 876 1411 impense
896 1360 1038 1405 colere,
1065 1366 1178 1410 atque
1199 1373 1354 1410 operam
1376 1359 1532 1409 egregie
1547 1359 1588 1395 in

133 1424 403 1463 Demosthene
422 1429 598 1461 navatam
618 1422 771 1460 maximi
790 1435 943 1473 semper
962 1421 1104 1469 facere,
1123 1428 1163 1459 et
1183 1421 1289 1459 soleo
1310 1428 1348 1458 et
1368 1421 1507 1460 debon.

185 1546 262 1585 His
290 1547 496 1598 adjungam
525 1546 618 1586 licet
637 1561 838 1599 operarum
860 1545 1245 1599 Typographicarum
1273 1557 1416 1590 curam,
1447 1556 1589 1581 meam-

132 1608 265 1659 quein
285 1621 332 1645 ea
352 1621 468 1646 causa
495 1621 572 1646 non
599 1610 798 1660 vulgarem
831 1608 1139 1653 sollicitudinem,
1170 1613 1236 1644 aut
1263 1605 1587 1644 contemnendam

133 1670 367 1720 diligentiam
389 1686 399 1715 ;
439 1670 705 1709 characterum
738 1671 983 1721 elegantiam,
1029 1676 1069 1707 et
1101 1669 1324 1720 paginarum
1365 1674 1587 1706 accuratam

133 1732 450 1770 convenientiam.
508 1733 649 1771 Curavi
669 1733 836 1771 omnium
858 1733 1014 1784 primuS,
1037 1739 1090 1777 ut,
1114 1732 1236 1783 qualis
1264 1731 1362 1769 soret
1390 1731 1487 1768 ratio
1522 1743 1587 1768 ex-

131 1793 262 1831 arandi
293 1801 332 1830 et
350 1793 609 1844 distinguendi
626 1795 782 1844 Graeca,
802 1795 889 1832 talis
909 1806 1062 1845 quoque
1082 1793 1121 1830 in
1142 1793 1461 1844 Interpretatione
1483 1793 1588 1830 Wol-

132 1855 233 1893 fiana
259 1855 541 1905 religiosissime
574 1857 844 1900 adhiberetur;
873 1863 1057 1906 quantum
1076 1854 1114 1892 id
1134 1855 1276 1892 sineret
1306 1855 1502 1905 utriusque
1521 1854 1589 1891 lin-

132 1930 233 1967 guae,
255 1916 406 1954 Graecae
434 1930 487 1955 sc.
509 1925 548 1955 et
568 1919 758 1957 Romanae
786 1925 919 1956 natura
949 1925 988 1954 et
1006 1917 1235 1968 proprietas.
1293 1917 1492 1968 Siquando
1521 1930 1588 1955 oc-

132 1986 287 2017 currant
302 1982 528 2026 (occurrunt
551 1988 680 2018 autem
706 1982 988 2031 saepenumero)
1005 1979 1136 2024 verba,
1156 1992 1241 2029 quae
1265 1979 1435 2029 legitima
1459 1978 1589 2016 vocari

130 2048 302 2093 possunt,
324 2041 430 2091 leges
457 2055 513 2080 sc.
532 2042 772 2093 populiscita,
803 2042 1033 2087 testimonia,
1067 2041 1175 2085 ritus,
1205 2048 1272 2079 aut
1296 2041 1406 2079 istius
1435 2041 1587 2091 generis

132 2110 393 2148 monumenta,
432 2117 479 2141 ea
511 2105 637 2142 omnia
677 2104 879 2155 utrobique
916 2103 1037 2141 literis
1079 2103 1299 2153 majusculis
1335 2104 1587 2142 discriminari

131 2165 245 2202 volui.
313 2165 413 2202 Cum
441 2171 479 2202 et
507 2165 545 2202 in
577 2166 621 2204 iis
655 2179 783 2204 causae
815 2166 932 2216 ipsius
961 2165 1126 2203 rationes
1159 2165 1364 2215 saepissime
1398 2166 1586 2204 contineri

132 2226 247 2270 sensi,
269 2233 308 2263 ct
326 2233 510 2276 praeterea
541 2240 587 2264 eo
615 2228 774 2266 consilio
792 2227 985 2277 quendam
1008 2226 1113 2276 quasi
1142 2226 1395 2273 Thesaurum,
1423 2229 1502 2266 sive
1529 2242 1586 2266 re-

132 2287 341 2339 pertorium
372 2287 468 2337 juris
501 2289 619 2326 Attici
648 2289 785 2327 lectori
819 2301 906 2326 meo
943 2289 993 2325 ob
1029 2288 1162 2325 oculos
1195 2297 1513 2339 repraesentatum
1544 2291 1587 2328 iri

133 2349 293 2386 credidi.
330 2348 530 2386 Postremo
550 2357 678 2387 autem
699 2349 880 2398 omnium,
899 2349 1023 2386 flexus
1043 2349 1134 2386 istos
1151 2356 1190 2386 et
1206 2350 1429 2389 diverticula
1448 2352 1586 2390 oratio-

132 2411 190 2448 nis
201 2410 251 2456 (in
259 2410 332 2447 cisa
351 2411 505 2459 majora,
520 2410 599 2448 sive
614 2412 875 2462 paragraphos
894 2411 1048 2459 vocant)
1069 2424 1168 2448 nova
1182 2413 1346 2462 quadam
1362 2415 1510 2452 ratione
1531 2415 1588 2452 di-

132 2471 263 2516 stinxi,
278 2484 353 2507 non
369 2472 448 2521 pari
460 2473 663 2510 verborum
686 2473 869 2518 clausula,
889 2480 955 2510 aut
973 2473 1111 2524 aequali
1133 2474 1310 2512 orationis
1330 2476 1583 2526 portiuncula,

136 2540 176 2570 ut
195 2532 248 2569 illi
267 2533 405 2578 solent,
428 2533 637 2581 dimensus,
657 2535 726 2572 sed
747 2535 960 2586 argumenti
989 2535 1112 2585 potius
1132 2536 1316 2586 pondere,
1344 2545 1382 2574 et
1401 2538 1585 2584 locorum,

133 2608 229 2646 quos
254 2602 407 2640 vocant,
433 2595 640 2640 varietate3
669 2597 717 2634 de
739 2610 870 2634 eorum
891 2596 1126 2647 prolixitate,
1148 2605 1214 2634 aut
1234 2598 1423 2637 brevitate
1453 2608 1588 2638 contra

134 2670 267 2708 parum
289 2655 487 2695 sollicitus.
529 2657 749 2695 Istiusmodi
772 2671 866 2708 ergo
885 2658 1031 2708 periodi
1049 2658 1191 2709 ubique
1210 2672 1234 2696 a
1247 2659 1359 2697 litera
1378 2663 1587 2709 majuscula

137 2719 347 2755 ordiuntur.
404 2717 465 2754 Ita
482 2731 574 2756 sane
594 2720 787 2769 provisum
808 2727 880 2764 est,
901 2725 943 2756 ut
961 2732 1034 2757 nec
1055 2733 1101 2757 ea
1121 2721 1272 2758 abesset
1299 2721 1451 2767 utilitas,
1473 2737 1586 2773 quam

136 2779 303 2817 nonnulli
325 2791 371 2815 ex
391 2779 455 2816 tali
477 2779 717 2818 distinctione
748 2781 1028 2831 expetiverunt,
1051 2794 1189 2832 neque,
1213 2790 1359 2821 textum
1380 2783 1587 2826 identidem

136 2840 430 2892 interpellandO,
458 2856 547 2881 suus
568 2856 589 2881 a
608 2844 749 2894 pagina
768 2843 977 2882 decederet
997 2842 1108 2884 nitor.
