1824 3171
480 209 1002 254 ΦΙΛΙΠΠΙΚΟΣ
1062 212 1118 252 Α.

1455 206 1528 261 99

75 327 226 396 εθελῃ,
279 325 357 377 καὶ
414 323 480 376 τοὶ
532 323 968 416 κατερῥᾳθυμημενοο
1023 322 1171 374 πάλιν
1229 321 1528 389 ἀναλήψεσθε

77 403 276 453 κοὶκεῖνον
312 398 634 472 τιμωρήσεσθε.
684 399 748 469 μὴ
785 398 876 488 ’γοὶρ
916 421 971 455 ως
1012 396 1107 464 3εῷ
1152 394 1345 468 νομίζετ
1383 398 1529 464 ἐκεινῳ

79 500 143 528 τοι
169 498 379 542 παροντοι
403 473 664 538 πεπηγέναι
700 472 974 566 πράγματα
1010 470 1254 533 οἱθοινοιτοι,
1282 469 1416 522 οἷλλοέ
1453 495 1534 523 κοιι

75 558 209 619 μισ-εἶ’
234 572 301 606 τις
332 546 485 600 ἐκεῖνον
520 571 600 598 κοιι

661 544 842 609 ww,
809 571 839 597 ω
876 543 1043 637 ἄνδρες
1047 545 1297 607 Αθηναιοι,
1325 568 1405 596 κοιι
1432 546 1538 608 φθο-

78 633 143 674 νεῒ
171 646 250 673 κοιι
287 646 372 673 των
403 618 519 673 πάνυ
556 644 621 672 νυν
657 618 892 672 δοκούντων
931 619 1096 678 οἰκείως
1133 617 1251 685 ἔχειν
1286 618 1427 686 αὕτῷ·
1457 617 1536 670 καὶ

77 696 288 749 ἅπανθ’ε
279 719 448 782 otram?
472 719 551 748 κοιι
580 719 618 747 εν
649 693 809 753 αλλοις
845 718 959 747 τισιν
987 692 1286 786 oc’vssngrocg'
1277 717 1352 756 ενι,
1383 694 1540 745 τοιῧτοι

79 771 164 822 κοῖν
190 780 281 829 τοῖς
304 769 407 841 μετ’
431 768 587 822 εκεῖνου
615 774 702 844 χρὴ
731 768 962 841 νομίζειν
947 779 1115 821 ενεῒνοιι.
1138 791 1411 833 κατεπτηχε
1439 767 1539 837 με’ν-

81 869 147 896 TO!
189 868 345 897 Taurea
386 868 556 896 wavra
593 868 672 906 νῦν,
710 867 788 895 otm

827 843 975 909 εχοντ’
1009 843 1297 910 οέποστροφῆν
1342 840 1415 893 dio?
1463 845 1542 903 τὴν

79 919 290 1011 υμετέρων
314 917 590 1010 βραδυτῆτα
606 941 685 970 κοιι
713 916 995 1005 ῥᾳθυμιοιν,
968 941 1015 979 ην
1043 916 1292 970 οἷποθεσθοιι
1319 913 1431 985 φημι
1460 913 1541 967 δεῖν

79 991 174 1055 ἤδη.
204 1017 332 1067 ορατε
361 991 469 1068 (γάρ,
500 1000 530 1043 ὠ
557 989 705 1067 ἀνδρες
731 992 980 1055 Αθηναιοι,
1010 1016 1061 1043 το
1091 1015 1312 1062 πραγμοι,
1341 996 1380 1041 οἱ
1405 1012 1545 1065 προε-

81 1127 108 1145 c.
125 1126 155 1154 p.
173 1117 280 1146 209.1.
298 1118 348 1146 13.
364 1118 413 1146 19.
448 1116 547 1145 Etiam
566 1120 635 1154 post
651 1116 671 1144 εἰ
690 1114 792 1145 inveni

80 1157 162 1194 Θέλω,
178 1161 255 1188 κατὰ
272 1156 380 1188 Μειδίου
396 1171 423 1198 p.
438 1160 512 1188 585.
531 1159 551 1187 l.
566 1161 618 1189 23.
644 1158 665 1187 εἰ
687 1157 792 1188 θέλοιτε

81 1206 111 1231 et
126 1203 205 1230 κατὰ
219 1201 338 1240 Ἀνδροτ.
355 1212 384 1240 p.
401 1204 475 1231 610.
491 1201 510 1230 l.
525 1203 554 1230 2.
600 1200 717 1230 Similia
732 1211 794 1230 mo-

82 1245 178 1273 nenda
191 1249 260 1274 sunt
271 1245 309 1273 de
327 1243 408 1282 οῖμαι
421 1249 451 1273 et
463 1242 566 1282 οἴομαι,
583 1254 651 1282 quae
664 1254 681 1272 a
692 1244 796 1273 multis

83 1286 284 1325 scriptoribus
300 1287 474 1325 promiscue
492 1292 684 1325 usurpantur.
731 1288 794 1316 Dc-

83 1330 256 1360 mosthenes
287 1328 381 1368 οἴομοιι
419 1330 596 1368 plerumque
627 1329 714 1368 ponit
748 1340 796 1358 se-

83 1380 195 1411 quente
212 1373 381 1409 infinitivo3
405 1372 485 1412 οἶμαι
501 1383 572 1402 vero
589 1371 714 1401 directae
729 1383 797 1402 ora-

82 1415 158 1445 tioni
172 1415 289 1445 inserit.
335 1415 509 1456 Aliquoties
524 1421 625 1445 tamen
647 1415 730 1454 οἶμαι
754 1415 797 1444 le-

83 1458 166 1496 gitur
181 1462 327 1497 sequente
343 1457 503 1493 infinitivo,
520 1459 574 1487 ubi
598 1458 680 1487 nulla
707 1458 798 1488 codd.

84 1501 216 1530 varietas
233 1505 374 1531 notatur:
399 1502 480 1539 quod
497 1506 559 1530 turn
576 1511 635 1530 non
658 1506 798 1530 mutave-

84 1543 152 1579 rim,
168 1554 349 1583 quamquam
369 1543 532 1573 Reiskium
548 1554 606 1572 non
629 1544 732 1573 ubivis
750 1554 799 1572 ac-

83 1591 221 1623 curatum
252 1587 282 1616 in
307 1586 468 1616 afferendis
495 1586 585 1616 codd.
614 1586 799 1616 lectionibus

88 1629 200 1659 inveni.
235 1631 285 1664 At,
303 1629 353 1658 ubi
369 1629 439 1658 libri
453 1629 581 1665 variant,
598 1628 663 1658 sine
676 1634 800 1659 cuncta-

87 1672 169 1701 tione
185 1672 369 1710 praetulerim
387 1672 492 1712 οἴομαι.
521 1672 638 1708 Quavis
654 1672 733 1701 enim
747 1683 800 1711 pa-

87 1714 157 1753 gina
174 1715 232 1744 boc
248 1714 290 1743 ita
300 1715 521 1744 Demosthenes
532 1719 669 1752 usurpat.
686 1716 800 1744 Bnnm.

128 1759 173 1787 Τὰ
188 1755 482 1807 κατεῤῥᾳὲιυμημὲνοι]
507 1759 563 1786 Διέι
580 1755 719 1797 ῥᾳθυμίας
734 1769 800 1796 προ-

86 1798 183 1839 ειμένοι
196 1797 243 1839 ὑφ’
258 1800 346 1839 ὑμῶν,
354 1798 598 1829 καὶάπολωλότα.
611 1800 732 1830 Wom.
762 1802 799 1830 In

86 1842 249 1872 Timocrat.
271 1853 302 1881 p.
318 1844 393 1874 765.
411 1853 440 1872 v.
457 1844 509 1873 13.
528 1842 625 1872 dicit:
649 1842 672 1872 εἶ
693 1843 800 1884 καταβ-

86 1883 282 1925 ῥᾳθυμησετε,
297 1885 405 1915 eodem
419 1895 520 1915 sensu.
546 1883 673 1915 Rfimc.

130 1929 220 1957 Πάλιν
242 1926 436 1967 ἀναληψεσ-Θε]
461 1928 541 1957 Nota
566 1928 800 1977 geminationem

87 1970 306 2008 particularum
323 1971 411 2001 πάλιν
427 1976 458 2000 et
473 1972 535 2005 ἀνὰ,
546 1975 577 2000 ut
594 1971 619 2000 si
635 1971 720 2000 dicas
732 1981 802 2000 rur-

89 2023 135 2042 sus
158 2015 293 2051 recipere.
317 2014 439 2043 WoLr.
484 2013 629 2052 Xenoph.
645 2015 738 2043 Mem.
755 2015 802 2044 ΙΙ.

90 2060 119 2086 4.
132 2059 162 2086 4.
180 2055 266 2086 πάλιν
276 2053 474 2086 ἀνατίθεσθαι.
500 2054 632 2086 Riimc.

132 2097 315 2139 Πεωηγέναι]
340 2099 472 2137 Proprie
494 2099 573 2136 γάλα
589 2102 620 2128 et
634 2096 711 2137 αἷμα
727 2098 804 2128 dici-

91 2144 140 2169 tur
154 2140 306 2179 πεπηγὸς,
321 2141 440 2170 omniuo
462 2151 530 2180 quoe
545 2141 612 2181 fixa
629 2147 711 2177 sunt,
728 2145 761 2171 ut
776 2142 804 2172 I.

90 2183 121 2212 in
137 2183 231 2213 Arist.
244 2186 319 2219 797,
338 2187 388 2213 10.
413 2184 460 2214 ed.
485 2184 525 2213 R.
549 2185 646 2214 ταῦτα.
667 2182 737 2213 οὕτω
754 2195 805 2215 πε-

91 2225 205 2263 πηγότα
220 2224 258 2267 τῇ
272 2227 365 2268 φύσει.
398 2227 513 2256 Eadem
527 2227 566 2256 de
584 2226 729 2267 Philippo
740 2227 805 2257 vid.

91 2268 277 2307 Olynth.11.
293 2269 355 2310 (Ι.)
373 2270 397 2310 §.
412 2268 449 2304 ς·’.
473 2270 580 2299 IDEM.

132 2311 185 2341 Καὶ
202 2314 256 2341 τῶν
278 2312 359 2343 ’πάνυ
373 2313 415 2342 νῦν
435 2312 578 2342 δοκούντων
604 2310 707 2347 οἰκείως
731 2311 807 2353 ἔχειν

91 2354 185 2394 αὐτῷ’]
210 2355 249 2384 Et
259 2355 297 2385 ad
309 2365 454 2394 proceres
467 2356 595 2391 aunem,
605 2360 636 2385 et
648 2357 687 2385 ad
698 2355 805 2394 Olym-

89 2397 213 2436 piadem
228 2408 370 2434 uxorem,
386 2402 416 2427 et
433 2398 469 2427 ad
485 2399 693 2428 Alexandrum
710 2398 804 2428 filium

91 2440 157 2470 haeo
170 2441 327 2478 pertinere
343 2446 481 2480 possunt.
511 2441 541 2471 A
552 2441 705 2471 Pausania
720 2447 805 2472 certe

90 2483 224 2513 satellite
248 2483 279 2513 in
300 2483 418 2513 solenni
438 2494 552 2523 pompa
567 2485 738 2523 Cleopatra-3·
753 2495 805 2514 nu-

92 2526 220 2566 ptiarum
236 2531 282 2556 est
300 2526 479 2556 interfectus
493 2537 500 2555 ε
524 2537 591 2556 cum
608 2528 733 2566 quidem
750 2538 804 2557 e-x-

91 2568 279 2608 peditionem
297 2569 451 2599 Persicam
475 2569 574 2599 animo
598 2570 744 2608 agitaret:
767 2570 806 2600 de

92 2620 151 2651 qua
162 2612 514 2651 consulentiApollinem
533 2623 715 2651 responsum
730 2612 805 2642 fuit:

129 2669 295 2723 Ἔστεπτιιι
309 2671 366 2712 μὲν
385 2672 397 2702 ὄ
415 2672 524 2712 caveus,
549 2671 611 2713 ἔχει
631 2671 725 2709 τέλος,
740 2671 806 2702 ἔστι

178 2714 193 2743 δ
212 2714 224 2743 ὅ
239 2714 346 2745 θύσων.

94 2781 185 2819 Quod
201 2780 253 2812 ille
273 2785 428 2814 oraculum
447 2794 506 2814 non
524 2783 562 2814 de
578 2783 745 2820 Pausania,
762 2783 804 2814 in-

96 2824 258 2855 terfectore
271 2836 339 2861 suo,
352 2827 409 2856 sed
420 2827 458 2857 de
473 2837 505 2857 se
518 2832 549 2857 et
558 2838 630 2865 rege
645 2829 809 2857 Persarum

97 2870 144 2896 est
160 2866 397 2907 interpretatus:
415 2870 496 2909 quod
508 2870 576 2909 ipse
589 2870 675 2900 illum
691 2876 809 2900 taurum

97 2915 180 2939 esset
202 2910 423 2942 immolaturus.
453 2913 579 2944 Worffl.
626 2913 703 2943 Haec
718 2914 813 2943 verba

98 2956 132 2981 ct
154 2962 240 2991 seqq.
265 2963 361 2992 neque
384 2965 452 2984 cum
473 2955 589 2985 Wolfio
609 2956 646 2985 ad
670 2967 814 2997 proceres

99 2995 216 3026 aulicos
232 2995 315 3026 etad
336 2996 555 3037 Olympiadem
579 3008 707 3030 uxorem
730 3004 760 3030 et
777 2999 814 3029 ad

830 1115 1040 1144 Alexandrum
1066 1114 1158 1144 filium
1176 1113 1332 1143 retulerim
1345 1113 1457 1142 ——hoc
1479 1112 1547 1152 ipse

830 1158 977 1187 orationis
1017 1168 1111 1187 nexus
1143 1162 1229 1187 vetat
1243 1175 1286 1179 —
1301 1179 1308 1191 ,
1340 1167 1437 1195 neque
1477 1166 1546 1185 cum

831 1201 944 1230 Lucch.
962 1200 1037 1230 duas
1055 1199 1205 1230 sociorum
1223 1200 1338 1229 classes
1354 1203 1468 1233 statuo,
1481 1199 1547 1234 sed,

829 1243 897 1281 ipso
915 1247 1035 1273 oratore
1052 1244 1141 1277 duce,
1165 1243 1223 1272 tria
1249 1252 1358 1282 genera
1382 1242 1549 1276 sociorum,

830 1296 959 1324 quorum
976 1286 1025 1315 atii
1042 1296 1110 1315 eum
1127 1287 1263 1321 oderunt,
1285 1285 1305 1314 i.
1324 1296 1348 1314 e.
1370 1286 1495 1314 Paeones
1519 1289 1550 1313 ct

829 1328 976 1362 Thracem
1001 1329 1064 1359 vid.
1094 1328 1119 1368 ᾗ.
1139 1326 1194 1366 Β’.;
1226 1328 1278 1357 alii
1302 1333 1453 1362 metuunt,
1483 1327 1504 1356 i.
1522 1337 1550 1356 e.

831 1371 983 1407 Thessali,
1008 1372 1059 1411 qui
1085 1372 1207 1401 liberati
1233 1381 1249 1400 a
1273 1371 1392 1400 crudeli
1419 1369 1549 1408 imperio

832 1415 975 1454 (Olynth.
992 1416 1038 1444 11.
1060 1414 1122 1454 (Ι.)
1147 1414 1172 1454 §.
1194 1413 1231 1452 γ’.
1259 1413 1354 1444 Diod.
1372 1413 1436 1443 Sic.
1453 1413 1549 1442 XVI.

832 1457 914 1497 35.),
931 1468 1000 1487 mox
1018 1458 1108 1496 hujus
1122 1457 1362 1494 experiebantur
1377 1455 1550 1491 avaritiam,

833 1501 961 1539 Olynth.
978 1501 1022 1530 11.
1039 1500 1101 1540 (1.)
1119 1500 1144 1540 ᾗ.
1162 1499 1196 1529 δ’.
1213 1499 1282 1529 coll.
1300 1497 1442 1539 1.(111.)
1466 1498 1491 1537 §.
1508 1497 1549 1536 ἓξ

833 1542 886 1571 alii
902 1543 1047 1580 invident,
1063 1543 1083 1573 i.
1096 1553 1124 1573 e.
1137 1542 1290 1582 Olynthii,
1307 1543 1359 1581 qui
1374 1551 1454 1580 aegre
1472 1542 1551 1571 fcre-

834 1586 917 1621 bant,
933 1586 1014 1625 quod
1038 1590 1137 1616 tantas
1154 1586 1380 1614 nancisceretur
1396 1584 1448 1613 ille
1465 1594 1551 1623 opes.

834 1628 890 1657 cfr.
908 1629 1037 1668 Argum.
1060 1631 1115 1658 Or.
1136 1629 1262 1667 Olyntb.
1286 1628 1311 1657 1.
1328 1626 1424 1668 (111.)
1441 1630 1472 1656 et
1488 1632 1552 1656 not.

834 1671 872 1700 ad
889 1671 915 1710 ᾗ.
932 1672 961 1700 ά.
1006 1672 1097 1710 Quod
1110 1671 1187 1701 dicit
1203 1670 1290 1711 μισεῖ
1303 1681 1360 1704 τις
1375 1669 1481 1705 ἐκεῖνον,
1495 1671 1553 1699 1ιοο

835 1724 973 1751 pronom.
996 1726 1040 1748 τις
1063 1714 1172 1749 innuit,
1188 1724 1246 1743 non
1270 1723 1377 1751 paucos
1403 1723 1484 1747 esse,
1501 1713 1553 1752 qui

834 1757 889 1785 hac
903 1757 963 1786 sint
975 1762 1084 1786 mente.
1111 1758 1203 1787 Hom.
1216 1756 1257 1786 Il.
1272 1757 1348 1785 VII.
1359 1758 1434 1786 20‘2.
1455 1756 1553 1785 Tliuc.

834 1800 904 1829 ΙΙΙ.
925 1803 996 1829 111.
1011 1801 1095 1829 haec:
1119 1798 1168 1829 καί
1182 1810 1260 1832 τινας
1275 1799 1366 1828 abram
1386 1801 1555 1838 στρατηγῶν

837 1860 878 1864 -
893 1841 1019 1873 ἠκόντισε
1044 1854 1108 1876 τις.
1139 1842 1243 1873 Schol.
1266 1842 1303 1871 ad
1328 1842 1358 1872 h.
1374 1842 1395 1871 l.
1412 1841 1500 1876 dicit,
1516 1842 1555 1871 de

834 1885 1027 1915 multitudine
1039 1885 1083 1920 τὶς
1099 1896 1167 1915 esse
1187 1885 1412 1923 accipiendum.
1437 1885 1555 1914 Duker.

835 1928 910 1957 ibid.
947 1928 1017 1958 loca
1047 1929 1189 1958 Eustatb.
1229 1928 1266 1957 ad
1302 1928 1397 1958 Hom.
1435 1927 1552 1957 laudat.

836 1969 966 2001 Rumc.

873 2013 992 2046 ’Άλλοις
1006 2013 1098 2054 τισὶν]
1122 2012 1248 2052 Quippe
1260 2011 1311 2050 qui
1324 2012 1421 2042 nolint
1437 2022 1470 2042 se
1484 2014 1554 2042 sub-

832 2057 931 2094 jicere
945 2056 1103 2095 Philippo.
1134 2055 1241 2095 Carpit
1255 2056 1345 2084 Dem.
1358 2055 1443 2094 ipsos
1461 2055 1556 2085 Athe-

838 2098 971 2134 nienses,
988 2099 1039 2138 qui
1056 2109 1146 2138 quum
1163 2097 1394 2139 cognovissent,
1412 2098 1497 2127 illum
1516 2098 1555 2128 ad

837 2141 1059 2180 Thermopylas
1088 2141 1248 2176 accedere,
1273 2151 1391 2170 summo
1420 2140 1555 2179 perculsi

839 2190 909 2213 sunt
926 2190 1019 2214 metu.
1054 2184 1134 2214 Nam
1153 2195 1208 2223 per
1223 2184 1268 2217 τῖς
1283 2184 1393 2223 tangit,
1407 2194 1482 2222 quos
1493 2194 1555 2213 non

838 2226 993 2256 nominare
1011 2228 1087 2257 vult.
1114 2228 1177 2257 Pro
1194 2227 1350 2266 Megalop.
1367 2237 1398 2267 p.
1414 2229 1489 2263 202,
1502 2228 1554 2257 ⁰20.

839 2268 972 2300 Riinrc.

880 2311 1075 2354 Κατὲπτηχε]
1100 2312 1164 2342 cfr.
1183 2311 1277 2342 Hom.
1300 2311 1340 2342 Il.
1362 2311 1465 2341 xxxii.
1482 2314 1556 2342 291.

839 2356 955 2394 Odyss.
975 2356 1040 2386 viii.
1056 2358 1126 2387 190.
1146 2354 1251 2394 ibique
1265 2355 1368 2392 Eust„
1382 2354 1556 2385 Herodi.ii.

839 2400 869 2429 5.
880 2401 910 2428 8.
933 2400 1039 2429 IDEM.

882 2442 942 2472 Οὐκ
955 2441 1059 2482 ἔχοντα
1076 2441 1270 2481 ἀποστροφὴν]
1296 2441 1362 2470 Res
1379 2451 1436 2479 pro
1453 2450 1558 2479 perso-

840 2484 900 2514 nis.
916 2483 978 2514 οὔτε
991 2485 1012 2514 οἱ
1028 2486 1187 2522 μισοῦντες,
1200 2483 1262 2513 οὔτε
1282 2484 1303 2513 οἱ
1316 2482 1440 2518 δεδιότες,
1457 2483 1519 2514 οὔτε
1536 2483 1558 2512 οἶ

840 2526 1009 2566 φθονοῦντες,
1023 2526 1121 2568 ’έχουσι
1134 2527 1303 2566 καταφυγὴν
1316 2526 1373 2557 οὐδὲ
1388 2527 1560 2566 ἀσφάλειαν.

841 2571 960 2600 Wom.

883 2611 1093 2653 Ἄντεια-τροφὴν]
1123 2611 1230 2650 Inquit
1253 2611 1472 2653 Harpocratio‚
1495 2610 1560 2642 ἀντὶ

842 2656 903 2691 τοῦ,
925 2657 1105 2695 καταφυγὴν,
1137 2653 1324 2694 Δημοσθένης
1352 2655 1558 2688 Φιλιππικοῖς.

844 2700 983 2729 ΑυοΕΡ..

886 2739 1085 2781 Προελῆλυθεν]
1119 2740 1385 2777 Quemadmodum
1413 2738 1562 2770 adverbia

846 2783 911 2820 loci,
928 2789 961 2814 ut
983 2785 1048 2819 ποῦ,
1064 2782 1198 2824 ουδοιμοῖι,
1217 2784 1262 2813 ita
1287 2784 1435 2815 adverbia
1449 2783 1563 2823 gradus

845 2831 1006 2856 struuntur
1020 2837 1089 2856 cum
1106 2827 1200 2866 genit.
1242 2827 1337 2866 Soph.
1351 2827 1424 2857 OEd.
1441 2828 1478 2856 R.
1488 2825 1562 2854 367.

846 2870 920 2909 ὃρᾷν,
936 2869 968 2899 ἷ’ν’
984 2869 1011 2899 e?
1030 2871 1115 2899 κακοῦ
1133 2869 1439 2909 Eurip.Ion.1271.
1471 2865 1563 2896 Simi—

846 2913 916 2943 liter
932 2924 1017 2942 τουτο
1039 2913 1066 2953 §.
1091 2912 1139 2950 ιγ’.
1166 2913 1215 2943 fin.
1237 2918 1268 2942 et
1283 2913 1340 2942 πίίν
1357 2910 1484 2950 Olynth.
1502 2909 1563 2939 111.

851 2954 1020 2996 (11.)§.e‘.
1051 2955 1168 2986 Latini:
1185 2967 1239 2997 quo
1255 2951 1416 2990 dementia
1431 2957 1480 2983 est
1495 2962 1566 2992 pro-

851 3000 997 3039 gressus?
1023 2997 1153 3030 Riimc.
