<?xml version="1.0" encoding="UTF-8"?>
<!DOCTYPE html PUBLIC "-//W3C//DTD XHTML 1.0 Transitional//EN"
    "http://www.w3.org/TR/xhtml1/DTD/xhtml1-transitional.dtd">
<html xmlns="http://www.w3.org/1999/xhtml" xml:lang="en" lang="en">
 <head>
  <title>
</title>
<meta http-equiv="Content-Type" content="text/html;charset=utf-8" />
  <meta name='ocr-system' content='tesseract 3.04.00' />
  <meta name='ocr-capabilities' content='ocr_page ocr_carea ocr_par ocr_line ocrx_word'/>
</head>
<body>
  <div class='ocr_page' id='page_1' title='image "./oratoresatticie05dobs_0208.png"; bbox 0 0 1824 3171; ppageno 0'>
   <div class='ocr_carea' id='block_1_1' title="bbox 212 177 1206 227">
    <p class='ocr_par' dir='ltr' id='par_1_1' title="bbox 212 177 1206 227">
     <span class='ocr_line' id='line_1_1' title="bbox 212 177 1206 227; baseline 0 -2"><span class='ocrx_word' id='word_1_1' title='bbox 212 185 351 225; x_wconf 71' lang='lat' dir='ltr'>excvm</span> <span class='ocrx_word' id='word_1_2' title='bbox 662 186 873 226; x_wconf 82' lang='lat' dir='ltr'>REISKII</span> <span class='ocrx_word' id='word_1_3' title='bbox 906 189 974 227; x_wconf 77' lang='lat' dir='ltr'>Pu</span> <span class='ocrx_word' id='word_1_4' title='bbox 992 177 1206 226; x_wconf 67' lang='grc' dir='ltr'>ΈΓΑΤΙΟ</span> 
     </span>
    </p>
   </div>
   <div class='ocr_carea' id='block_1_2' title="bbox 203 287 1663 1319">
    <p class='ocr_par' dir='ltr' id='par_1_2' title="bbox 203 287 1663 1319">
     <span class='ocr_line' id='line_1_2' title="bbox 214 287 1660 344; baseline 0.004 -19"><span class='ocrx_word' id='word_1_5' title='bbox 214 287 293 326; x_wconf 87' lang='lat' dir='ltr'>lido</span> <span class='ocrx_word' id='word_1_6' title='bbox 314 287 530 339; x_wconf 80' lang='lat' dir='ltr'><strong>impostore,</strong></span> <span class='ocrx_word' id='word_1_7' title='bbox 559 287 673 326; x_wconf 88' lang='lat' dir='ltr'>falsos</span> <span class='ocrx_word' id='word_1_8' title='bbox 695 302 829 328; x_wconf 82' lang='lat' dir='ltr'>numos</span> <span class='ocrx_word' id='word_1_9' title='bbox 855 304 878 328; x_wconf 88' lang='lat' dir='ltr'>a</span> <span class='ocrx_word' id='word_1_10' title='bbox 907 305 948 330; x_wconf 89' lang='lat' dir='ltr'>se</span> <span class='ocrx_word' id='word_1_11' title='bbox 965 306 1091 338; x_wconf 87' lang='lat' dir='ltr'>cusos,</span> <span class='ocrx_word' id='word_1_12' title='bbox 1113 293 1208 330; x_wconf 87' lang='lat' dir='ltr'>falsa</span> <span class='ocrx_word' id='word_1_13' title='bbox 1227 292 1335 342; x_wconf 85' lang='lat' dir='ltr'>signa</span> <span class='ocrx_word' id='word_1_14' title='bbox 1354 305 1376 329; x_wconf 89' lang='lat' dir='ltr'>a</span> <span class='ocrx_word' id='word_1_15' title='bbox 1395 305 1435 330; x_wconf 90' lang='lat' dir='ltr'>se</span> <span class='ocrx_word' id='word_1_16' title='bbox 1457 294 1569 339; x_wconf 83' lang='lat' dir='ltr'>saeta,</span> <span class='ocrx_word' id='word_1_17' title='bbox 1590 289 1660 344; x_wconf 80' lang='lat' dir='ltr'>pro</span> 
     </span>
     <span class='ocr_line' id='line_1_3' title="bbox 212 349 1661 406; baseline 0.005 -20"><span class='ocrx_word' id='word_1_18' title='bbox 212 349 311 387; x_wconf 88' lang='lat' dir='ltr'>veris</span> <span class='ocrx_word' id='word_1_19' title='bbox 330 349 492 399; x_wconf 86' lang='lat' dir='ltr'>antiquis</span> <span class='ocrx_word' id='word_1_20' title='bbox 513 350 747 396; x_wconf 84' lang='lat' dir='ltr'>venditante,</span> <span class='ocrx_word' id='word_1_21' title='bbox 768 351 885 389; x_wconf 88' lang='lat' dir='ltr'>illudi.</span> <span class='ocrx_word' id='word_1_22' title='bbox 944 353 1031 403; x_wconf 89' lang='lat' dir='ltr'>Ego</span> <span class='ocrx_word' id='word_1_23' title='bbox 1050 366 1141 392; x_wconf 92' lang='lat' dir='ltr'>vero</span> <span class='ocrx_word' id='word_1_24' title='bbox 1162 354 1276 391; x_wconf 89' lang='lat' dir='ltr'>homo</span> <span class='ocrx_word' id='word_1_25' title='bbox 1296 354 1474 405; x_wconf 82' lang='lat' dir='ltr'>simplex,</span> <span class='ocrx_word' id='word_1_26' title='bbox 1496 356 1661 406; x_wconf 80' lang='lat' dir='ltr'>antiquae</span> 
     </span>
     <span class='ocr_line' id='line_1_4' title="bbox 213 409 1661 461; baseline 0.004 -14"><span class='ocrx_word' id='word_1_27' title='bbox 213 410 316 456; x_wconf 87' lang='lat' dir='ltr'>fidei,</span> <span class='ocrx_word' id='word_1_28' title='bbox 345 410 374 447; x_wconf 87' lang='lat' dir='ltr'>si</span> <span class='ocrx_word' id='word_1_29' title='bbox 405 409 498 461; x_wconf 88' lang='lat' dir='ltr'>quid</span> <span class='ocrx_word' id='word_1_30' title='bbox 525 410 600 446; x_wconf 88' lang='lat' dir='ltr'>tale</span> <span class='ocrx_word' id='word_1_31' title='bbox 632 417 750 460; x_wconf 83' lang='lat' dir='ltr'>patro,</span> <span class='ocrx_word' id='word_1_32' title='bbox 784 413 935 450; x_wconf 82' lang='lat' dir='ltr'>sublata</span> <span class='ocrx_word' id='word_1_33' title='bbox 967 427 1061 452; x_wconf 86' lang='lat' dir='ltr'>voce</span> <span class='ocrx_word' id='word_1_34' title='bbox 1093 415 1238 453; x_wconf 82' lang='lat' dir='ltr'>clamo:</span> <span class='ocrx_word' id='word_1_35' title='bbox 1275 415 1360 451; x_wconf 83' lang='lat' dir='ltr'>IIuc</span> <span class='ocrx_word' id='word_1_36' title='bbox 1393 417 1563 453; x_wconf 78' lang='lat' dir='ltr'>adestote.</span> <span class='ocrx_word' id='word_1_37' title='bbox 1597 417 1661 453; x_wconf 81' lang='lat' dir='ltr'>hoc</span> 
     </span>
     <span class='ocr_line' id='line_1_5' title="bbox 213 470 1660 523; baseline 0.004 -15"><span class='ocrx_word' id='word_1_38' title='bbox 213 484 325 508; x_wconf 77' lang='lat' dir='ltr'>mcum</span> <span class='ocrx_word' id='word_1_39' title='bbox 338 477 403 515; x_wconf 65' lang='lat' dir='ltr'>est,</span> <span class='ocrx_word' id='word_1_40' title='bbox 421 471 481 506; x_wconf 77' lang='lat' dir='ltr'>hoc</span> <span class='ocrx_word' id='word_1_41' title='bbox 502 470 582 506; x_wconf 78' lang='lat' dir='ltr'>olim</span> <span class='ocrx_word' id='word_1_42' title='bbox 589 470 685 520; x_wconf 73' lang='lat' dir='ltr'>fuit.</span> <span class='ocrx_word' id='word_1_43' title='bbox 700 478 860 519; x_wconf 79' lang='lat' dir='ltr'>spectate</span> <span class='ocrx_word' id='word_1_44' title='bbox 879 486 982 519; x_wconf 73' lang='lat' dir='ltr'>nune,</span> <span class='ocrx_word' id='word_1_45' title='bbox 1004 481 1038 511; x_wconf 78' lang='lat' dir='ltr'>ct</span> <span class='ocrx_word' id='word_1_46' title='bbox 1055 476 1204 523; x_wconf 78' lang='lat' dir='ltr'>probate</span> <span class='ocrx_word' id='word_1_47' title='bbox 1223 480 1342 512; x_wconf 78' lang='lat' dir='ltr'>utrum</span> <span class='ocrx_word' id='word_1_48' title='bbox 1360 477 1539 514; x_wconf 66' lang='lat' dir='ltr'>mavultis.</span> <span class='ocrx_word' id='word_1_49' title='bbox 1580 476 1660 514; x_wconf 85' lang='lat' dir='ltr'>Mi-</span> 
     </span>
     <span class='ocr_line' id='line_1_6' title="bbox 211 530 1661 588; baseline 0.003 -18"><span class='ocrx_word' id='word_1_50' title='bbox 211 538 314 570; x_wconf 84' lang='lat' dir='ltr'>seret</span> <span class='ocrx_word' id='word_1_51' title='bbox 339 544 401 569; x_wconf 89' lang='lat' dir='ltr'>me</span> <span class='ocrx_word' id='word_1_52' title='bbox 430 530 622 567; x_wconf 87' lang='lat' dir='ltr'>hominum</span> <span class='ocrx_word' id='word_1_53' title='bbox 655 532 787 570; x_wconf 90' lang='lat' dir='ltr'>nescio</span> <span class='ocrx_word' id='word_1_54' title='bbox 815 532 1027 583; x_wconf 78' lang='lat' dir='ltr'>ignavioene</span> <span class='ocrx_word' id='word_1_55' title='bbox 1049 535 1172 573; x_wconf 88' lang='lat' dir='ltr'>dicam</span> <span class='ocrx_word' id='word_1_56' title='bbox 1200 547 1248 573; x_wconf 88' lang='lat' dir='ltr'>an</span> <span class='ocrx_word' id='word_1_57' title='bbox 1280 536 1507 582; x_wconf 79' lang='lat' dir='ltr'>calliditatis,</span> <span class='ocrx_word' id='word_1_58' title='bbox 1529 537 1661 588; x_wconf 80' lang='lat' dir='ltr'>quiex</span> 
     </span>
     <span class='ocr_line' id='line_1_7' title="bbox 212 591 1663 646; baseline 0.003 -16"><span class='ocrx_word' id='word_1_59' title='bbox 212 605 260 630; x_wconf 88' lang='lat' dir='ltr'>eo</span> <span class='ocrx_word' id='word_1_60' title='bbox 285 591 482 642; x_wconf 85' lang='lat' dir='ltr'>glori01am</span> <span class='ocrx_word' id='word_1_61' title='bbox 512 599 682 642; x_wconf 86' lang='lat' dir='ltr'>captent,</span> <span class='ocrx_word' id='word_1_62' title='bbox 705 592 735 628; x_wconf 90' lang='lat' dir='ltr'>si</span> <span class='ocrx_word' id='word_1_63' title='bbox 755 600 947 631; x_wconf 88' lang='lat' dir='ltr'>vetustum</span> <span class='ocrx_word' id='word_1_64' title='bbox 977 595 1131 645; x_wconf 85' lang='lat' dir='ltr'>aliquod</span> <span class='ocrx_word' id='word_1_65' title='bbox 1159 596 1376 646; x_wconf 86' lang='lat' dir='ltr'>exemplum</span> <span class='ocrx_word' id='word_1_66' title='bbox 1407 598 1569 635; x_wconf 87' lang='lat' dir='ltr'>auctoris</span> <span class='ocrx_word' id='word_1_67' title='bbox 1597 597 1663 635; x_wconf 86' lang='lat' dir='ltr'>ali-</span> 
     </span>
     <span class='ocr_line' id='line_1_8' title="bbox 211 652 1659 707; baseline 0.002 -16"><span class='ocrx_word' id='word_1_68' title='bbox 211 655 323 704; x_wconf 86' lang='lat' dir='ltr'>cujus</span> <span class='ocrx_word' id='word_1_69' title='bbox 341 652 443 704; x_wconf 86' lang='lat' dir='ltr'>typis</span> <span class='ocrx_word' id='word_1_70' title='bbox 465 665 647 690; x_wconf 87' lang='lat' dir='ltr'>excusum</span> <span class='ocrx_word' id='word_1_71' title='bbox 667 666 754 690; x_wconf 91' lang='lat' dir='ltr'>cum</span> <span class='ocrx_word' id='word_1_72' title='bbox 774 656 1023 707; x_wconf 85' lang='lat' dir='ltr'>typographis</span> <span class='ocrx_word' id='word_1_73' title='bbox 1044 657 1081 693; x_wconf 89' lang='lat' dir='ltr'>iu</span> <span class='ocrx_word' id='word_1_74' title='bbox 1100 669 1235 694; x_wconf 90' lang='lat' dir='ltr'>manus</span> <span class='ocrx_word' id='word_1_75' title='bbox 1253 656 1449 695; x_wconf 79' lang='lat' dir='ltr'>dedissent</span> <span class='ocrx_word' id='word_1_76' title='bbox 1467 658 1659 696; x_wconf 87' lang='lat' dir='ltr'>recuden-</span> 
     </span>
     <span class='ocr_line' id='line_1_9' title="bbox 211 713 1659 768; baseline 0.003 -17"><span class='ocrx_word' id='word_1_77' title='bbox 211 715 318 760; x_wconf 89' lang='lat' dir='ltr'>dum,</span> <span class='ocrx_word' id='word_1_78' title='bbox 338 713 489 752; x_wconf 90' lang='lat' dir='ltr'>tametsi</span> <span class='ocrx_word' id='word_1_79' title='bbox 513 726 589 750; x_wconf 90' lang='lat' dir='ltr'>non</span> <span class='ocrx_word' id='word_1_80' title='bbox 606 716 932 764; x_wconf 81' lang='lat' dir='ltr'>recognovissent,</span> <span class='ocrx_word' id='word_1_81' title='bbox 954 724 1081 755; x_wconf 90' lang='lat' dir='ltr'>tamen</span> <span class='ocrx_word' id='word_1_82' title='bbox 1100 730 1240 755; x_wconf 89' lang='lat' dir='ltr'>nomen</span> <span class='ocrx_word' id='word_1_83' title='bbox 1259 730 1369 755; x_wconf 82' lang='lat' dir='ltr'>suurn</span> <span class='ocrx_word' id='word_1_84' title='bbox 1398 718 1659 768; x_wconf 64' lang='lat' dir='ltr'>praescribant,</span> 
     </span>
     <span class='ocr_line' id='line_1_10' title="bbox 211 775 1662 830; baseline 0.002 -16"><span class='ocrx_word' id='word_1_85' title='bbox 211 776 378 814; x_wconf 81' lang='lat' dir='ltr'>editores</span> <span class='ocrx_word' id='word_1_86' title='bbox 399 788 440 813; x_wconf 90' lang='lat' dir='ltr'>se</span> <span class='ocrx_word' id='word_1_87' title='bbox 460 782 609 826; x_wconf 85' lang='lat' dir='ltr'>gerant.</span> <span class='ocrx_word' id='word_1_88' title='bbox 664 775 846 814; x_wconf 88' lang='lat' dir='ltr'>Mentiris</span> <span class='ocrx_word' id='word_1_89' title='bbox 866 779 1037 829; x_wconf 90' lang='lat' dir='ltr'>quisquis</span> <span class='ocrx_word' id='word_1_90' title='bbox 1058 792 1111 824; x_wconf 88' lang='lat' dir='ltr'>es,</span> <span class='ocrx_word' id='word_1_91' title='bbox 1134 779 1198 830; x_wconf 91' lang='lat' dir='ltr'>qui</span> <span class='ocrx_word' id='word_1_92' title='bbox 1227 778 1435 816; x_wconf 88' lang='lat' dir='ltr'>emtoribus</span> <span class='ocrx_word' id='word_1_93' title='bbox 1463 779 1516 817; x_wconf 89' lang='lat' dir='ltr'>sic</span> <span class='ocrx_word' id='word_1_94' title='bbox 1542 779 1662 830; x_wconf 89' lang='lat' dir='ltr'>impo-</span> 
     </span>
     <span class='ocr_line' id='line_1_11' title="bbox 207 836 1658 891; baseline 0.003 -17"><span class='ocrx_word' id='word_1_95' title='bbox 207 837 280 874; x_wconf 90' lang='lat' dir='ltr'>nis.</span> <span class='ocrx_word' id='word_1_96' title='bbox 337 836 471 873; x_wconf 88' lang='lat' dir='ltr'>Editor</span> <span class='ocrx_word' id='word_1_97' title='bbox 490 845 533 873; x_wconf 92' lang='lat' dir='ltr'>tu</span> <span class='ocrx_word' id='word_1_98' title='bbox 552 848 628 872; x_wconf 86' lang='lat' dir='ltr'>non</span> <span class='ocrx_word' id='word_1_99' title='bbox 647 849 701 881; x_wconf 90' lang='lat' dir='ltr'>es,</span> <span class='ocrx_word' id='word_1_100' title='bbox 723 837 790 875; x_wconf 88' lang='lat' dir='ltr'>sed</span> <span class='ocrx_word' id='word_1_101' title='bbox 809 847 942 877; x_wconf 83' lang='lat' dir='ltr'>auctor</span> <span class='ocrx_word' id='word_1_102' title='bbox 961 840 1064 878; x_wconf 89' lang='lat' dir='ltr'>fuisti</span> <span class='ocrx_word' id='word_1_103' title='bbox 1085 839 1326 891; x_wconf 80' lang='lat' dir='ltr'>typographo</span> <span class='ocrx_word' id='word_1_104' title='bbox 1345 841 1568 886; x_wconf 85' lang='lat' dir='ltr'>recudendi,</span> <span class='ocrx_word' id='word_1_105' title='bbox 1591 855 1658 878; x_wconf 93' lang='lat' dir='ltr'>no-</span> 
     </span>
     <span class='ocr_line' id='line_1_12' title="bbox 204 896 1653 950; baseline 0.003 -15"><span class='ocrx_word' id='word_1_106' title='bbox 204 910 294 935; x_wconf 90' lang='lat' dir='ltr'>men</span> <span class='ocrx_word' id='word_1_107' title='bbox 315 904 421 934; x_wconf 89' lang='lat' dir='ltr'>tuum</span> <span class='ocrx_word' id='word_1_108' title='bbox 434 896 653 947; x_wconf 85' lang='lat' dir='ltr'>bibliopolae</span> <span class='ocrx_word' id='word_1_109' title='bbox 666 899 885 946; x_wconf 86' lang='lat' dir='ltr'>vendidisti,</span> <span class='ocrx_word' id='word_1_110' title='bbox 906 914 981 950; x_wconf 89' lang='lat' dir='ltr'>quo</span> <span class='ocrx_word' id='word_1_111' title='bbox 996 901 1220 938; x_wconf 86' lang='lat' dir='ltr'>vendibilior</span> <span class='ocrx_word' id='word_1_112' title='bbox 1234 914 1341 938; x_wconf 78' lang='lat' dir='ltr'>merx</span> <span class='ocrx_word' id='word_1_113' title='bbox 1359 909 1517 939; x_wconf 86' lang='lat' dir='ltr'>recocta</span> <span class='ocrx_word' id='word_1_114' title='bbox 1536 910 1653 940; x_wconf 84' lang='lat' dir='ltr'>esset.</span> 
     </span>
     <span class='ocr_line' id='line_1_13' title="bbox 208 958 1659 1013; baseline 0.003 -18"><span class='ocrx_word' id='word_1_115' title='bbox 208 958 435 1009; x_wconf 82' lang='lat' dir='ltr'>Typothetae</span> <span class='ocrx_word' id='word_1_116' title='bbox 461 961 625 1006; x_wconf 85' lang='lat' dir='ltr'>majores</span> <span class='ocrx_word' id='word_1_117' title='bbox 656 958 865 998; x_wconf 88' lang='lat' dir='ltr'>habeamus</span> <span class='ocrx_word' id='word_1_118' title='bbox 896 961 1073 999; x_wconf 89' lang='lat' dir='ltr'>editionis</span> <span class='ocrx_word' id='word_1_119' title='bbox 1101 961 1299 1010; x_wconf 85' lang='lat' dir='ltr'>ejusmodi,</span> <span class='ocrx_word' id='word_1_120' title='bbox 1322 974 1435 1012; x_wconf 85' lang='lat' dir='ltr'>qnam</span> <span class='ocrx_word' id='word_1_121' title='bbox 1462 962 1544 1007; x_wconf 89' lang='lat' dir='ltr'>tibi,</span> <span class='ocrx_word' id='word_1_122' title='bbox 1576 975 1659 1013; x_wconf 84' lang='lat' dir='ltr'>gra-</span> 
     </span>
     <span class='ocr_line' id='line_1_14' title="bbox 207 1018 1661 1074; baseline 0.003 -18"><span class='ocrx_word' id='word_1_123' title='bbox 207 1019 293 1057; x_wconf 86' lang='lat' dir='ltr'>tias.</span> <span class='ocrx_word' id='word_1_124' title='bbox 349 1018 487 1056; x_wconf 90' lang='lat' dir='ltr'>Editor</span> <span class='ocrx_word' id='word_1_125' title='bbox 512 1019 543 1056; x_wconf 90' lang='lat' dir='ltr'>is</span> <span class='ocrx_word' id='word_1_126' title='bbox 572 1019 725 1056; x_wconf 84' lang='lat' dir='ltr'>demum</span> <span class='ocrx_word' id='word_1_127' title='bbox 753 1028 824 1067; x_wconf 90' lang='lat' dir='ltr'>est,</span> <span class='ocrx_word' id='word_1_128' title='bbox 845 1021 922 1073; x_wconf 88' lang='lat' dir='ltr'>qui,</span> <span class='ocrx_word' id='word_1_129' title='bbox 952 1023 1057 1060; x_wconf 86' lang='lat' dir='ltr'>nulla</span> <span class='ocrx_word' id='word_1_130' title='bbox 1082 1023 1219 1060; x_wconf 90' lang='lat' dir='ltr'>ductus</span> <span class='ocrx_word' id='word_1_131' title='bbox 1244 1022 1470 1060; x_wconf 86' lang='lat' dir='ltr'>auctoritate</span> <span class='ocrx_word' id='word_1_132' title='bbox 1490 1024 1661 1074; x_wconf 85' lang='lat' dir='ltr'>quamvis</span> 
     </span>
     <span class='ocr_line' id='line_1_15' title="bbox 204 1080 1656 1134; baseline 0.002 -16"><span class='ocrx_word' id='word_1_133' title='bbox 204 1080 332 1130; x_wconf 85' lang='lat' dir='ltr'>magni</span> <span class='ocrx_word' id='word_1_134' title='bbox 353 1080 524 1125; x_wconf 89' lang='lat' dir='ltr'>nominis,</span> <span class='ocrx_word' id='word_1_135' title='bbox 541 1087 689 1118; x_wconf 82' lang='lat' dir='ltr'>textum</span> <span class='ocrx_word' id='word_1_136' title='bbox 711 1082 760 1119; x_wconf 86' lang='lat' dir='ltr'>ad</span> <span class='ocrx_word' id='word_1_137' title='bbox 780 1085 1086 1122; x_wconf 85' lang='lat' dir='ltr'>membranarum</span> <span class='ocrx_word' id='word_1_138' title='bbox 1107 1092 1147 1121; x_wconf 90' lang='lat' dir='ltr'>et</span> <span class='ocrx_word' id='word_1_139' title='bbox 1165 1083 1475 1134; x_wconf 86' lang='lat' dir='ltr'>primigeniarum</span> <span class='ocrx_word' id='word_1_140' title='bbox 1496 1098 1518 1122; x_wconf 91' lang='lat' dir='ltr'>e</span> <span class='ocrx_word' id='word_1_141' title='bbox 1537 1097 1656 1122; x_wconf 88' lang='lat' dir='ltr'>mem-</span> 
     </span>
     <span class='ocr_line' id='line_1_16' title="bbox 204 1141 1653 1196; baseline 0.003 -17"><span class='ocrx_word' id='word_1_142' title='bbox 204 1141 334 1179; x_wconf 87' lang='lat' dir='ltr'>branis</span> <span class='ocrx_word' id='word_1_143' title='bbox 354 1141 554 1179; x_wconf 82' lang='lat' dir='ltr'>ductarum</span> <span class='ocrx_word' id='word_1_144' title='bbox 580 1142 790 1180; x_wconf 86' lang='lat' dir='ltr'>editionum</span> <span class='ocrx_word' id='word_1_145' title='bbox 810 1144 923 1182; x_wconf 89' lang='lat' dir='ltr'>fidem</span> <span class='ocrx_word' id='word_1_146' title='bbox 944 1146 1219 1196; x_wconf 84' lang='lat' dir='ltr'>veritatemque</span> <span class='ocrx_word' id='word_1_147' title='bbox 1237 1152 1404 1191; x_wconf 88' lang='lat' dir='ltr'>revocet,</span> <span class='ocrx_word' id='word_1_148' title='bbox 1425 1152 1465 1183; x_wconf 86' lang='lat' dir='ltr'>et</span> <span class='ocrx_word' id='word_1_149' title='bbox 1485 1146 1549 1183; x_wconf 91' lang='lat' dir='ltr'>ubi</span> <span class='ocrx_word' id='word_1_150' title='bbox 1570 1145 1653 1184; x_wconf 79' lang='lat' dir='ltr'>haec</span> 
     </span>
     <span class='ocr_line' id='line_1_17' title="bbox 204 1202 1652 1258; baseline 0.004 -18"><span class='ocrx_word' id='word_1_151' title='bbox 204 1202 434 1241; x_wconf 85' lang='lat' dir='ltr'>adminicula</span> <span class='ocrx_word' id='word_1_152' title='bbox 451 1203 628 1240; x_wconf 80' lang='lat' dir='ltr'>sanandis</span> <span class='ocrx_word' id='word_1_153' title='bbox 654 1203 750 1242; x_wconf 88' lang='lat' dir='ltr'>vitiis</span> <span class='ocrx_word' id='word_1_154' title='bbox 770 1205 873 1243; x_wconf 81' lang='lat' dir='ltr'>haud</span> <span class='ocrx_word' id='word_1_155' title='bbox 902 1207 1099 1252; x_wconf 84' lang='lat' dir='ltr'>sufficiant,</span> <span class='ocrx_word' id='word_1_156' title='bbox 1128 1213 1208 1245; x_wconf 76' lang='lat' dir='ltr'>tuin</span> <span class='ocrx_word' id='word_1_157' title='bbox 1239 1207 1393 1245; x_wconf 89' lang='lat' dir='ltr'>demum</span> <span class='ocrx_word' id='word_1_158' title='bbox 1419 1208 1466 1245; x_wconf 90' lang='lat' dir='ltr'>ab</span> <span class='ocrx_word' id='word_1_159' title='bbox 1497 1207 1652 1258; x_wconf 89' lang='lat' dir='ltr'>ingenio</span> 
     </span>
     <span class='ocr_line' id='line_1_18' title="bbox 203 1263 1102 1319; baseline 0.004 -19"><span class='ocrx_word' id='word_1_160' title='bbox 203 1270 270 1301; x_wconf 90' lang='lat' dir='ltr'>aut</span> <span class='ocrx_word' id='word_1_161' title='bbox 285 1276 371 1311; x_wconf 87' lang='lat' dir='ltr'>suo,</span> <span class='ocrx_word' id='word_1_162' title='bbox 392 1269 456 1301; x_wconf 87' lang='lat' dir='ltr'>aut</span> <span class='ocrx_word' id='word_1_163' title='bbox 474 1263 611 1310; x_wconf 87' lang='lat' dir='ltr'>alieno,</span> <span class='ocrx_word' id='word_1_164' title='bbox 633 1277 709 1315; x_wconf 84' lang='lat' dir='ltr'>qua</span> <span class='ocrx_word' id='word_1_165' title='bbox 727 1273 831 1316; x_wconf 89' lang='lat' dir='ltr'>pote,</span> <span class='ocrx_word' id='word_1_166' title='bbox 852 1281 964 1318; x_wconf 89' lang='lat' dir='ltr'>opem</span> <span class='ocrx_word' id='word_1_167' title='bbox 988 1274 1102 1319; x_wconf 88' lang='lat' dir='ltr'>petat.</span> 
     </span>
    </p>
   </div>
   <div class='ocr_carea' id='block_1_3' title="bbox 721 1501 1119 1544">
    <p class='ocr_par' dir='ltr' id='par_1_3' title="bbox 721 1501 1119 1544">
     <span class='ocr_line' id='line_1_19' title="bbox 721 1501 1119 1544; baseline 0.005 -3"><span class='ocrx_word' id='word_1_168' title='bbox 721 1501 889 1544; x_wconf 87' lang='lat' dir='ltr'><strong>SECT.</strong></span> <span class='ocrx_word' id='word_1_169' title='bbox 923 1502 1119 1544; x_wconf 86' lang='lat' dir='ltr'>XXIV.</span> 
     </span>
    </p>
   </div>
   <div class='ocr_carea' id='block_1_4' title="bbox 309 1622 1543 1674">
    <p class='ocr_par' dir='ltr' id='par_1_4' title="bbox 309 1622 1543 1674">
     <span class='ocr_line' id='line_1_20' title="bbox 309 1622 1543 1674; baseline 0.004 -16"><span class='ocrx_word' id='word_1_170' title='bbox 309 1622 368 1659; x_wconf 87' lang='lat' dir='ltr'>Dc</span> <span class='ocrx_word' id='word_1_171' title='bbox 396 1623 535 1660; x_wconf 75' lang='lat' dir='ltr'>ratione</span> <span class='ocrx_word' id='word_1_172' title='bbox 555 1622 804 1661; x_wconf 74' lang='lat' dir='ltr'>Demosthenis</span> <span class='ocrx_word' id='word_1_173' title='bbox 822 1638 840 1661; x_wconf 85' lang='lat' dir='ltr'>e</span> <span class='ocrx_word' id='word_1_174' title='bbox 858 1626 1119 1674; x_wconf 73' lang='lat' dir='ltr'>comparatione</span> <span class='ocrx_word' id='word_1_175' title='bbox 1139 1639 1217 1662; x_wconf 76' lang='lat' dir='ltr'>cum</span> <span class='ocrx_word' id='word_1_176' title='bbox 1238 1626 1317 1662; x_wconf 80' lang='lat' dir='ltr'>aliis</span> <span class='ocrx_word' id='word_1_177' title='bbox 1338 1626 1543 1663; x_wconf 67' lang='lat' dir='ltr'>auctoribus</span> 
     </span>
    </p>
   </div>
   <div class='ocr_carea' id='block_1_5' title="bbox 818 1696 1034 1732">
    <p class='ocr_par' dir='ltr' id='par_1_5' title="bbox 818 1696 1034 1732">
     <span class='ocr_line' id='line_1_21' title="bbox 818 1696 1034 1732; baseline 0.009 -2"><span class='ocrx_word' id='word_1_178' title='bbox 818 1696 1034 1732; x_wconf 77' lang='lat' dir='ltr'>emendandi.</span> 
     </span>
    </p>
   </div>
   <div class='ocr_carea' id='block_1_6' title="bbox 186 1812 1648 2965">
    <p class='ocr_par' dir='ltr' id='par_1_6' title="bbox 186 1812 1648 2965">
     <span class='ocr_line' id='line_1_22' title="bbox 254 1812 1648 1865; baseline 0.001 -15"><span class='ocrx_word' id='word_1_179' title='bbox 254 1812 339 1850; x_wconf 82' lang='lat' dir='ltr'>SED</span> <span class='ocrx_word' id='word_1_180' title='bbox 360 1824 471 1862; x_wconf 81' lang='lat' dir='ltr'>paene</span> <span class='ocrx_word' id='word_1_181' title='bbox 492 1812 630 1850; x_wconf 88' lang='lat' dir='ltr'>oblitus</span> <span class='ocrx_word' id='word_1_182' title='bbox 661 1825 764 1850; x_wconf 88' lang='lat' dir='ltr'>eram</span> <span class='ocrx_word' id='word_1_183' title='bbox 784 1812 913 1861; x_wconf 78' lang='lat' dir='ltr'>fontis,</span> <span class='ocrx_word' id='word_1_184' title='bbox 933 1813 996 1863; x_wconf 84' lang='lat' dir='ltr'>qui</span> <span class='ocrx_word' id='word_1_185' title='bbox 1019 1827 1114 1851; x_wconf 86' lang='lat' dir='ltr'>unus</span> <span class='ocrx_word' id='word_1_186' title='bbox 1131 1813 1256 1852; x_wconf 86' lang='lat' dir='ltr'>adhuc</span> <span class='ocrx_word' id='word_1_187' title='bbox 1286 1819 1463 1865; x_wconf 83' lang='lat' dir='ltr'>superest</span> <span class='ocrx_word' id='word_1_188' title='bbox 1482 1827 1648 1852; x_wconf 88' lang='lat' dir='ltr'>commc-</span> 
     </span>
     <span class='ocr_line' id='line_1_23' title="bbox 195 1872 1646 1925; baseline 0.001 -14"><span class='ocrx_word' id='word_1_189' title='bbox 195 1873 414 1917; x_wconf 86' lang='lat' dir='ltr'>morandus,</span> <span class='ocrx_word' id='word_1_190' title='bbox 436 1872 539 1910; x_wconf 86' lang='lat' dir='ltr'>unde</span> <span class='ocrx_word' id='word_1_191' title='bbox 560 1873 840 1912; x_wconf 87' lang='lat' dir='ltr'>Demosthenes</span> <span class='ocrx_word' id='word_1_192' title='bbox 861 1874 1053 1912; x_wconf 87' lang='lat' dir='ltr'>emendari</span> <span class='ocrx_word' id='word_1_193' title='bbox 1082 1882 1223 1925; x_wconf 85' lang='lat' dir='ltr'>potest.</span> <span class='ocrx_word' id='word_1_194' title='bbox 1282 1876 1474 1913; x_wconf 89' lang='lat' dir='ltr'>Auctores</span> <span class='ocrx_word' id='word_1_195' title='bbox 1500 1875 1537 1912; x_wconf 88' lang='lat' dir='ltr'>hi</span> <span class='ocrx_word' id='word_1_196' title='bbox 1558 1883 1646 1913; x_wconf 84' lang='lat' dir='ltr'>sunt</span> 
     </span>
     <span class='ocr_line' id='line_1_24' title="bbox 194 1934 1647 1986; baseline 0 -14"><span class='ocrx_word' id='word_1_197' title='bbox 194 1941 357 1979; x_wconf 91' lang='lat' dir='ltr'>veteres,</span> <span class='ocrx_word' id='word_1_198' title='bbox 378 1934 694 1984; x_wconf 84' lang='lat' dir='ltr'>grammaticique</span> <span class='ocrx_word' id='word_1_199' title='bbox 722 1942 762 1972; x_wconf 89' lang='lat' dir='ltr'>et</span> <span class='ocrx_word' id='word_1_200' title='bbox 790 1935 1070 1986; x_wconf 84' lang='lat' dir='ltr'>lexicographi,</span> <span class='ocrx_word' id='word_1_201' title='bbox 1095 1936 1367 1973; x_wconf 85' lang='lat' dir='ltr'>Demosthenis</span> <span class='ocrx_word' id='word_1_202' title='bbox 1389 1936 1497 1974; x_wconf 90' lang='lat' dir='ltr'>locos</span> <span class='ocrx_word' id='word_1_203' title='bbox 1518 1937 1647 1986; x_wconf 81' lang='lat' dir='ltr'>saepis-</span> 
     </span>
     <span class='ocr_line' id='line_1_25' title="bbox 194 1995 1643 2047; baseline -0.001 -13"><span class='ocrx_word' id='word_1_204' title='bbox 194 1997 290 2034; x_wconf 89' lang='lat' dir='ltr'>sime</span> <span class='ocrx_word' id='word_1_205' title='bbox 319 1995 546 2033; x_wconf 81' lang='lat' dir='ltr'>excitanteS.</span> <span class='ocrx_word' id='word_1_206' title='bbox 603 1995 658 2032; x_wconf 92' lang='lat' dir='ltr'>Hi</span> <span class='ocrx_word' id='word_1_207' title='bbox 687 2002 775 2034; x_wconf 91' lang='lat' dir='ltr'>sunt</span> <span class='ocrx_word' id='word_1_208' title='bbox 805 1996 1012 2047; x_wconf 83' lang='lat' dir='ltr'>Dionysius</span> <span class='ocrx_word' id='word_1_209' title='bbox 1046 1997 1412 2042; x_wconf 86' lang='lat' dir='ltr'>Halicarnassensis,</span> <span class='ocrx_word' id='word_1_210' title='bbox 1443 1997 1643 2042; x_wconf 86' lang='lat' dir='ltr'>Aristides,</span> 
     </span>
     <span class='ocr_line' id='line_1_26' title="bbox 195 2056 1645 2109; baseline -0.001 -13"><span class='ocrx_word' id='word_1_211' title='bbox 195 2058 420 2101; x_wconf 79' lang='lat' dir='ltr'>Athenaeus,</span> <span class='ocrx_word' id='word_1_212' title='bbox 443 2056 727 2106; x_wconf 85' lang='lat' dir='ltr'>Hermogenes,</span> <span class='ocrx_word' id='word_1_213' title='bbox 750 2065 789 2094; x_wconf 89' lang='lat' dir='ltr'>et</span> <span class='ocrx_word' id='word_1_214' title='bbox 808 2071 939 2094; x_wconf 78' lang='lat' dir='ltr'>omncs</span> <span class='ocrx_word' id='word_1_215' title='bbox 956 2058 1280 2108; x_wconf 85' lang='lat' dir='ltr'>ejusinterpretes</span> <span class='ocrx_word' id='word_1_216' title='bbox 1299 2065 1462 2103; x_wconf 88' lang='lat' dir='ltr'>veteres,</span> <span class='ocrx_word' id='word_1_217' title='bbox 1484 2058 1645 2109; x_wconf 82' lang='lat' dir='ltr'>Etymo-</span> 
     </span>
     <span class='ocr_line' id='line_1_27' title="bbox 193 2118 1645 2170; baseline -0.001 -13"><span class='ocrx_word' id='word_1_218' title='bbox 193 2120 304 2170; x_wconf 87' lang='lat' dir='ltr'>logus</span> <span class='ocrx_word' id='word_1_219' title='bbox 334 2125 372 2156; x_wconf 92' lang='lat' dir='ltr'>et</span> <span class='ocrx_word' id='word_1_220' title='bbox 398 2124 497 2155; x_wconf 88' lang='lat' dir='ltr'>totus</span> <span class='ocrx_word' id='word_1_221' title='bbox 523 2131 621 2167; x_wconf 84' lang='lat' dir='ltr'>grex</span> <span class='ocrx_word' id='word_1_222' title='bbox 650 2118 952 2164; x_wconf 84' lang='lat' dir='ltr'>scholiastarum,</span> <span class='ocrx_word' id='word_1_223' title='bbox 983 2119 1214 2163; x_wconf 86' lang='lat' dir='ltr'>criticorum,</span> <span class='ocrx_word' id='word_1_224' title='bbox 1240 2119 1518 2169; x_wconf 83' lang='lat' dir='ltr'>philologorum</span> <span class='ocrx_word' id='word_1_225' title='bbox 1538 2126 1645 2156; x_wconf 88' lang='lat' dir='ltr'>vete-</span> 
     </span>
     <span class='ocr_line' id='line_1_28' title="bbox 193 2179 1644 2230; baseline -0.001 -12"><span class='ocrx_word' id='word_1_226' title='bbox 193 2194 290 2219; x_wconf 86' lang='lat' dir='ltr'>rum.</span> <span class='ocrx_word' id='word_1_227' title='bbox 348 2180 510 2217; x_wconf 86' lang='lat' dir='ltr'>Fontem</span> <span class='ocrx_word' id='word_1_228' title='bbox 529 2179 633 2217; x_wconf 89' lang='lat' dir='ltr'>hunc</span> <span class='ocrx_word' id='word_1_229' title='bbox 653 2193 871 2230; x_wconf 85' lang='lat' dir='ltr'>quanquam</span> <span class='ocrx_word' id='word_1_230' title='bbox 892 2181 1108 2218; x_wconf 85' lang='lat' dir='ltr'>adhucdum</span> <span class='ocrx_word' id='word_1_231' title='bbox 1130 2181 1236 2218; x_wconf 88' lang='lat' dir='ltr'>adire</span> <span class='ocrx_word' id='word_1_232' title='bbox 1255 2180 1344 2217; x_wconf 91' lang='lat' dir='ltr'>mihi</span> <span class='ocrx_word' id='word_1_233' title='bbox 1364 2193 1432 2230; x_wconf 88' lang='lat' dir='ltr'>per</span> <span class='ocrx_word' id='word_1_234' title='bbox 1452 2181 1644 2230; x_wconf 84' lang='lat' dir='ltr'>angustias</span> 
     </span>
     <span class='ocr_line' id='line_1_29' title="bbox 193 2240 1644 2293; baseline -0.002 -13"><span class='ocrx_word' id='word_1_235' title='bbox 193 2241 375 2293; x_wconf 87' lang='lat' dir='ltr'>temporis</span> <span class='ocrx_word' id='word_1_236' title='bbox 402 2241 570 2291; x_wconf 84' lang='lat' dir='ltr'>aliasque</span> <span class='ocrx_word' id='word_1_237' title='bbox 591 2254 701 2279; x_wconf 87' lang='lat' dir='ltr'>curas</span> <span class='ocrx_word' id='word_1_238' title='bbox 721 2255 799 2279; x_wconf 91' lang='lat' dir='ltr'>non</span> <span class='ocrx_word' id='word_1_239' title='bbox 827 2241 949 2287; x_wconf 90' lang='lat' dir='ltr'>licuit,</span> <span class='ocrx_word' id='word_1_240' title='bbox 970 2241 1135 2289; x_wconf 88' lang='lat' dir='ltr'>(tametsi</span> <span class='ocrx_word' id='word_1_241' title='bbox 1154 2241 1254 2278; x_wconf 89' lang='lat' dir='ltr'>haud</span> <span class='ocrx_word' id='word_1_242' title='bbox 1273 2240 1532 2291; x_wconf 88' lang='lat' dir='ltr'>perfunctorie</span> <span class='ocrx_word' id='word_1_243' title='bbox 1553 2241 1644 2278; x_wconf 93' lang='lat' dir='ltr'>Dio-</span> 
     </span>
     <span class='ocr_line' id='line_1_30' title="bbox 191 2301 1642 2355; baseline -0.002 -14"><span class='ocrx_word' id='word_1_244' title='bbox 191 2303 342 2355; x_wconf 87' lang='lat' dir='ltr'>nysium</span> <span class='ocrx_word' id='word_1_245' title='bbox 365 2301 747 2340; x_wconf 84' lang='lat' dir='ltr'>Halicarnassensem</span> <span class='ocrx_word' id='word_1_246' title='bbox 767 2309 807 2339; x_wconf 88' lang='lat' dir='ltr'>et</span> <span class='ocrx_word' id='word_1_247' title='bbox 823 2302 1032 2339; x_wconf 80' lang='lat' dir='ltr'>Aristidem</span> <span class='ocrx_word' id='word_1_248' title='bbox 1053 2315 1140 2339; x_wconf 89' lang='lat' dir='ltr'>cum</span> <span class='ocrx_word' id='word_1_249' title='bbox 1161 2301 1421 2339; x_wconf 85' lang='lat' dir='ltr'>Demosthene</span> <span class='ocrx_word' id='word_1_250' title='bbox 1442 2301 1642 2350; x_wconf 83' lang='lat' dir='ltr'>contendi)</span> 
     </span>
     <span class='ocr_line' id='line_1_31' title="bbox 191 2361 1647 2417; baseline -0.004 -13"><span class='ocrx_word' id='word_1_251' title='bbox 191 2373 231 2404; x_wconf 90' lang='lat' dir='ltr'>et</span> <span class='ocrx_word' id='word_1_252' title='bbox 251 2377 480 2417; x_wconf 83' lang='lat' dir='ltr'>quamquam</span> <span class='ocrx_word' id='word_1_253' title='bbox 498 2363 694 2414; x_wconf 83' lang='lat' dir='ltr'>ingenium</span> <span class='ocrx_word' id='word_1_254' title='bbox 720 2363 810 2400; x_wconf 90' lang='lat' dir='ltr'>mihi</span> <span class='ocrx_word' id='word_1_255' title='bbox 841 2377 864 2400; x_wconf 86' lang='lat' dir='ltr'>a</span> <span class='ocrx_word' id='word_1_256' title='bbox 884 2370 1018 2400; x_wconf 85' lang='lat' dir='ltr'>natura</span> <span class='ocrx_word' id='word_1_257' title='bbox 1037 2362 1195 2413; x_wconf 88' lang='lat' dir='ltr'>contigit</span> <span class='ocrx_word' id='word_1_258' title='bbox 1223 2362 1269 2400; x_wconf 85' lang='lat' dir='ltr'>ab</span> <span class='ocrx_word' id='word_1_259' title='bbox 1299 2362 1374 2399; x_wconf 89' lang='lat' dir='ltr'>hoc</span> <span class='ocrx_word' id='word_1_260' title='bbox 1403 2375 1545 2412; x_wconf 87' lang='lat' dir='ltr'>genere</span> <span class='ocrx_word' id='word_1_261' title='bbox 1565 2361 1647 2399; x_wconf 88' lang='lat' dir='ltr'>dili-</span> 
     </span>
     <span class='ocr_line' id='line_1_32' title="bbox 192 2422 1640 2477; baseline -0.003 -13"><span class='ocrx_word' id='word_1_262' title='bbox 192 2426 332 2477; x_wconf 81' lang='lat' dir='ltr'>gentiae</span> <span class='ocrx_word' id='word_1_263' title='bbox 353 2426 573 2467; x_wconf 80' lang='lat' dir='ltr'>abhorrens,</span> <span class='ocrx_word' id='word_1_264' title='bbox 595 2424 699 2475; x_wconf 90' lang='lat' dir='ltr'>quod</span> <span class='ocrx_word' id='word_1_265' title='bbox 726 2424 765 2461; x_wconf 88' lang='lat' dir='ltr'>in</span> <span class='ocrx_word' id='word_1_266' title='bbox 793 2424 1019 2469; x_wconf 85' lang='lat' dir='ltr'>lectitando,</span> <span class='ocrx_word' id='word_1_267' title='bbox 1040 2431 1079 2461; x_wconf 90' lang='lat' dir='ltr'>et</span> <span class='ocrx_word' id='word_1_268' title='bbox 1099 2423 1321 2461; x_wconf 85' lang='lat' dir='ltr'>annotando</span> <span class='ocrx_word' id='word_1_269' title='bbox 1342 2430 1381 2460; x_wconf 90' lang='lat' dir='ltr'>et</span> <span class='ocrx_word' id='word_1_270' title='bbox 1401 2422 1640 2461; x_wconf 85' lang='lat' dir='ltr'>conferendo</span> 
     </span>
     <span class='ocr_line' id='line_1_33' title="bbox 191 2483 1640 2536; baseline -0.004 -10"><span class='ocrx_word' id='word_1_271' title='bbox 191 2489 287 2526; x_wconf 87' lang='lat' dir='ltr'>inter</span> <span class='ocrx_word' id='word_1_272' title='bbox 311 2500 352 2524; x_wconf 89' lang='lat' dir='ltr'>se</span> <span class='ocrx_word' id='word_1_273' title='bbox 373 2487 480 2523; x_wconf 84' lang='lat' dir='ltr'>locos</span> <span class='ocrx_word' id='word_1_274' title='bbox 501 2485 642 2522; x_wconf 87' lang='lat' dir='ltr'>similes</span> <span class='ocrx_word' id='word_1_275' title='bbox 663 2485 856 2529; x_wconf 82' lang='lat' dir='ltr'>cernitur3</span> <span class='ocrx_word' id='word_1_276' title='bbox 889 2493 928 2523; x_wconf 91' lang='lat' dir='ltr'>ct</span> <span class='ocrx_word' id='word_1_277' title='bbox 957 2498 1184 2536; x_wconf 84' lang='lat' dir='ltr'>quamquam</span> <span class='ocrx_word' id='word_1_278' title='bbox 1205 2484 1290 2521; x_wconf 84' lang='lat' dir='ltr'>sons</span> <span class='ocrx_word' id='word_1_279' title='bbox 1311 2484 1373 2521; x_wconf 89' lang='lat' dir='ltr'>hic</span> <span class='ocrx_word' id='word_1_280' title='bbox 1394 2496 1504 2534; x_wconf 76' lang='lat' dir='ltr'>paene</span> <span class='ocrx_word' id='word_1_281' title='bbox 1532 2483 1640 2521; x_wconf 83' lang='lat' dir='ltr'>inex-</span> 
     </span>
     <span class='ocr_line' id='line_1_34' title="bbox 190 2544 1640 2597; baseline -0.003 -11"><span class='ocrx_word' id='word_1_282' title='bbox 190 2550 349 2586; x_wconf 87' lang='lat' dir='ltr'>haustus</span> <span class='ocrx_word' id='word_1_283' title='bbox 370 2554 441 2591; x_wconf 83' lang='lat' dir='ltr'>cst,</span> <span class='ocrx_word' id='word_1_284' title='bbox 461 2553 502 2583; x_wconf 89' lang='lat' dir='ltr'>ut</span> <span class='ocrx_word' id='word_1_285' title='bbox 521 2546 803 2584; x_wconf 88' lang='lat' dir='ltr'>contentionem</span> <span class='ocrx_word' id='word_1_286' title='bbox 824 2546 1067 2584; x_wconf 86' lang='lat' dir='ltr'>humerorum</span> <span class='ocrx_word' id='word_1_287' title='bbox 1089 2545 1238 2597; x_wconf 89' lang='lat' dir='ltr'>quotvis</span> <span class='ocrx_word' id='word_1_288' title='bbox 1260 2545 1319 2582; x_wconf 88' lang='lat' dir='ltr'>vel</span> <span class='ocrx_word' id='word_1_289' title='bbox 1350 2544 1640 2582; x_wconf 83' lang='lat' dir='ltr'>fortissimorum</span> 
     </span>
     <span class='ocr_line' id='line_1_35' title="bbox 188 2604 1636 2658; baseline -0.004 -10"><span class='ocrx_word' id='word_1_290' title='bbox 188 2619 319 2649; x_wconf 88' lang='lat' dir='ltr'>tamen</span> <span class='ocrx_word' id='word_1_291' title='bbox 348 2608 497 2644; x_wconf 87' lang='lat' dir='ltr'>vincere</span> <span class='ocrx_word' id='word_1_292' title='bbox 526 2607 713 2652; x_wconf 86' lang='lat' dir='ltr'>videatur,</span> <span class='ocrx_word' id='word_1_293' title='bbox 748 2607 894 2645; x_wconf 85' lang='lat' dir='ltr'>etiamsi</span> <span class='ocrx_word' id='word_1_294' title='bbox 923 2608 990 2644; x_wconf 89' lang='lat' dir='ltr'>diu</span> <span class='ocrx_word' id='word_1_295' title='bbox 1016 2614 1215 2658; x_wconf 90' lang='lat' dir='ltr'>noctuque</span> <span class='ocrx_word' id='word_1_296' title='bbox 1243 2606 1324 2643; x_wconf 88' lang='lat' dir='ltr'>siue</span> <span class='ocrx_word' id='word_1_297' title='bbox 1357 2604 1636 2642; x_wconf 87' lang='lat' dir='ltr'>intermissione</span> 
     </span>
     <span class='ocr_line' id='line_1_36' title="bbox 187 2665 1637 2719; baseline -0.003 -11"><span class='ocrx_word' id='word_1_298' title='bbox 187 2671 293 2709; x_wconf 88' lang='lat' dir='ltr'>illinc</span> <span class='ocrx_word' id='word_1_299' title='bbox 311 2669 508 2707; x_wconf 82' lang='lat' dir='ltr'>hauriant:</span> <span class='ocrx_word' id='word_1_300' title='bbox 541 2669 640 2705; x_wconf 87' lang='lat' dir='ltr'>dabo</span> <span class='ocrx_word' id='word_1_301' title='bbox 660 2676 788 2705; x_wconf 84' lang='lat' dir='ltr'>tamen</span> <span class='ocrx_word' id='word_1_302' title='bbox 809 2681 964 2719; x_wconf 86' lang='lat' dir='ltr'>operam</span> <span class='ocrx_word' id='word_1_303' title='bbox 985 2668 1022 2705; x_wconf 92' lang='lat' dir='ltr'>in</span> <span class='ocrx_word' id='word_1_304' title='bbox 1043 2675 1203 2718; x_wconf 85' lang='lat' dir='ltr'>utroque</span> <span class='ocrx_word' id='word_1_305' title='bbox 1224 2667 1332 2710; x_wconf 87' lang='lat' dir='ltr'>libro,</span> <span class='ocrx_word' id='word_1_306' title='bbox 1353 2673 1392 2703; x_wconf 91' lang='lat' dir='ltr'>et</span> <span class='ocrx_word' id='word_1_307' title='bbox 1411 2665 1637 2703; x_wconf 83' lang='lat' dir='ltr'>variantium</span> 
     </span>
     <span class='ocr_line' id='line_1_37' title="bbox 186 2727 1636 2774; baseline -0.005 -3"><span class='ocrx_word' id='word_1_308' title='bbox 186 2732 410 2774; x_wconf 87' lang='lat' dir='ltr'>lectionum,</span> <span class='ocrx_word' id='word_1_309' title='bbox 431 2737 469 2766; x_wconf 89' lang='lat' dir='ltr'>et</span> <span class='ocrx_word' id='word_1_310' title='bbox 491 2729 859 2767; x_wconf 86' lang='lat' dir='ltr'>animadversionum</span> <span class='ocrx_word' id='word_1_311' title='bbox 879 2742 1063 2774; x_wconf 86' lang='lat' dir='ltr'>mearum,</span> <span class='ocrx_word' id='word_1_312' title='bbox 1087 2736 1129 2765; x_wconf 91' lang='lat' dir='ltr'>ut</span> <span class='ocrx_word' id='word_1_313' title='bbox 1149 2728 1262 2765; x_wconf 84' lang='lat' dir='ltr'>etiam</span> <span class='ocrx_word' id='word_1_314' title='bbox 1283 2728 1384 2763; x_wconf 89' lang='lat' dir='ltr'>hunc</span> <span class='ocrx_word' id='word_1_315' title='bbox 1404 2727 1546 2763; x_wconf 89' lang='lat' dir='ltr'>sontem</span> <span class='ocrx_word' id='word_1_316' title='bbox 1568 2740 1636 2764; x_wconf 87' lang='lat' dir='ltr'>ne-</span> 
     </span>
     <span class='ocr_line' id='line_1_38' title="bbox 187 2787 1636 2845; baseline -0.003 -14"><span class='ocrx_word' id='word_1_317' title='bbox 187 2807 263 2845; x_wconf 85' lang='lat' dir='ltr'>que</span> <span class='ocrx_word' id='word_1_318' title='bbox 283 2793 491 2843; x_wconf 78' lang='lat' dir='ltr'>ignorasse,</span> <span class='ocrx_word' id='word_1_319' title='bbox 512 2804 637 2841; x_wconf 88' lang='lat' dir='ltr'>neque</span> <span class='ocrx_word' id='word_1_320' title='bbox 660 2790 848 2828; x_wconf 85' lang='lat' dir='ltr'>devitasse</span> <span class='ocrx_word' id='word_1_321' title='bbox 868 2797 934 2828; x_wconf 85' lang='lat' dir='ltr'>aut</span> <span class='ocrx_word' id='word_1_322' title='bbox 962 2788 1294 2840; x_wconf 86' lang='lat' dir='ltr'>insuperhabuissc</span> <span class='ocrx_word' id='word_1_323' title='bbox 1315 2787 1459 2831; x_wconf 82' lang='lat' dir='ltr'>videar,</span> <span class='ocrx_word' id='word_1_324' title='bbox 1486 2788 1636 2826; x_wconf 86' lang='lat' dir='ltr'>tametsi</span> 
     </span>
     <span class='ocr_line' id='line_1_39' title="bbox 187 2849 1636 2905; baseline -0.004 -12"><span class='ocrx_word' id='word_1_325' title='bbox 187 2867 363 2905; x_wconf 81' lang='lat' dir='ltr'>magnam</span> <span class='ocrx_word' id='word_1_326' title='bbox 384 2852 581 2889; x_wconf 80' lang='lat' dir='ltr'>materiam</span> <span class='ocrx_word' id='word_1_327' title='bbox 613 2852 720 2900; x_wconf 82' lang='lat' dir='ltr'>hujus</span> <span class='ocrx_word' id='word_1_328' title='bbox 750 2852 901 2902; x_wconf 79' lang='lat' dir='ltr'>generis</span> <span class='ocrx_word' id='word_1_329' title='bbox 930 2850 1184 2902; x_wconf 75' lang='lat' dir='ltr'>postventuris</span> <span class='ocrx_word' id='word_1_330' title='bbox 1214 2850 1390 2886; x_wconf 83' lang='lat' dir='ltr'>intactam</span> <span class='ocrx_word' id='word_1_331' title='bbox 1413 2849 1636 2899; x_wconf 77' lang='lat' dir='ltr'>relinquam.</span> 
     </span>
     <span class='ocr_line' id='line_1_40' title="bbox 186 2911 1632 2965; baseline -0.005 -11"><span class='ocrx_word' id='word_1_332' title='bbox 186 2916 489 2955; x_wconf 72' lang='lat' dir='ltr'>Demosthenem</span> <span class='ocrx_word' id='word_1_333' title='bbox 520 2913 635 2952; x_wconf 82' lang='lat' dir='ltr'>edere</span> <span class='ocrx_word' id='word_1_334' title='bbox 665 2927 735 2965; x_wconf 86' lang='lat' dir='ltr'>pro</span> <span class='ocrx_word' id='word_1_335' title='bbox 764 2914 950 2965; x_wconf 72' lang='lat' dir='ltr'>dignitate</span> <span class='ocrx_word' id='word_1_336' title='bbox 979 2913 1048 2965; x_wconf 77' lang='lat' dir='ltr'>rei,</span> <span class='ocrx_word' id='word_1_337' title='bbox 1078 2912 1239 2964; x_wconf 84' lang='lat' dir='ltr'>perinde</span> <span class='ocrx_word' id='word_1_338' title='bbox 1269 2918 1381 2962; x_wconf 77' lang='lat' dir='ltr'>atque</span> <span class='ocrx_word' id='word_1_339' title='bbox 1404 2911 1632 2957; x_wconf 87' lang='lat' dir='ltr'>Homerum,</span> 
     </span>
    </p>
   </div>
  </div>
 </body>
</html>
