1824 3171
173 126 289 164 cxxiv
518 126 593 165 10.
624 124 873 165 TAYLORI
907 120 1342 163 PROLEGOMENA

228 229 334 265 3000
356 227 412 265 dr.
439 241 480 263 .··:
533 231 584 267 30
605 228 694 266 min.
717 243 761 266 z
786 231 806 279 «ᾖ
831 229 896 267 tal.

204 291 333 326 10000
354 289 411 326 dr.
436 302 478 324 z
507 293 582 328 100
603 290 693 327 min.
718 304 762 328 z
789 293 804 328 l
831 290 895 328 tal.
915 294 985 330 40.
1003 290 1094 328 min.

533 354 585 390 80
604 352 694 389 min.

495 427 599 434 —-

508 461 584 497 180
602 458 694 496 min.
736 458 874 508 [voluit
892 461 971 497 210
991 457 1102 496 minae
1122 457 1309 506 scribere]
1339 457 1494 494 Summa
1519 457 1542 492 3
1564 453 1630 493 tal.

759 524 798 570 ᾖ.
857 520 962 570 [Imo
1002 533 1094 558 vero
1124 523 1165 558 3.
1214 518 1280 557 tal.
1326 526 1365 556 et
1399 521 1466 556 50.
1501 515 1629 565 minae]

762 581 893 619 Multa
913 581 1192 619 desiderantur.

231 660 275 711 [3
298 660 442 698 talenta
463 673 552 697 cum
573 659 728 697 dimidio
749 672 824 698 non
847 658 1025 710 profecto
1046 657 1280 710 aequivalent
1302 659 1365 694 14.
1385 654 1549 693 talentis.
1566 654 1633 692 de-

176 729 266 758 sunt
286 723 415 772 utique
435 723 567 759 multa.
608 721 686 759 Sed
713 734 782 760 cur
806 729 848 758 tu
876 721 1031 767 omittis,
1051 734 1138 771 quae
1159 718 1446 757 Demosthenes
1477 729 1634 754 enume-

175 784 350 821 raverat?
408 784 570 821 Constat
590 783 684 820 ratio
705 782 960 821 Demostheni
979 796 1062 827 sua,
1090 790 1156 819 tua
1185 780 1255 819 tibi
1282 793 1359 817 non
1390 785 1517 830 potest
1548 791 1636 815 con-

173 843 308 892 stare]
336 844 369 882 οἱ
399 847 694 882 παλαιόπλουτοι
713 844 868 895 Lysias.
908 838 1154 886 Ἀπαίὲεὐτος
1183 842 1412 894 μαθημάτων
1439 841 1638 891 προσηκόν-

173 921 245 942 των
266 905 463 957 ἐλευθέρῳ.
479 906 582 956 quod
599 913 723 944 mater
741 913 899 956 propter
918 905 1223 943 imbecillitatem
1243 901 1412 953 corporis
1433 909 1472 939 et
1490 907 1635 939 tutores

171 973 329 1016 propter
355 980 438 1004 rem
464 967 708 1018 negligenter
738 966 1043 1006 administratam
1069 966 1119 1004 ad
1147 965 1383 1017 paedagogos
1413 976 1491 1001 non
1520 962 1633 1000 mise-

175 1033 276 1064 runt.
316 1027 513 1068 Plutarch.

225 1093 264 1129 9.
285 1089 488 1129 Platonem
515 1090 667 1129 audivit.
700 1090 840 1129 Cicero
864 1093 899 1129 1.
918 1090 968 1128 de
989 1098 1155 1128 oratore.
1175 1093 1210 1128 1.
1233 1087 1347 1126 Offic.
1369 1086 1490 1138 princ.
1518 1085 1635 1124 Conf.

174 1152 336 1204 Dionys.
356 1152 486 1191 Halic.
505 1159 545 1190 et
561 1152 726 1203 Epistol.
744 1152 951 1190 Demosth.
972 1152 1126 1202 Ulpian.
1148 1151 1197 1188 ad
1214 1149 1377 1201 Olynth.
1394 1152 1431 1187 2.
1448 1161 1485 1186 n.
1503 1151 1567 1186 31.
1585 1148 1635 1186 ad

172 1230 215 1252 π.
238 1231 402 1266 παραπρ.
425 1228 463 1252 n.
483 1216 549 1255 75.
571 1221 610 1251 et
632 1216 720 1252 124.
763 1213 889 1252 Amm.
915 1214 1097 1252 Marcell.
1114 1217 1181 1252 30.
1221 1210 1522 1263 olympiodorus
1544 1209 1635 1246 MS.

172 1277 276 1326 apud
297 1276 481 1315 Lambec.
503 1276 654 1314 Comm.
684 1275 785 1313 Bibl.
808 1276 910 1314 Caes.
930 1275 979 1313 L.
998 1275 1089 1311 VII.
1111 1288 1149 1325 p.
1173 1277 1264 1315 127.
1306 1272 1498 1310 Alcinous
1531 1270 1637 1321 apud

173 1337 220 1375 P.
243 1338 392 1376 Victor.
443 1337 536 1375 Var.
556 1337 671 1376 Lect.
693 1340 757 1376 26.
778 1341 820 1376 4.
870 1337 1001 1375 Laert.
1032 1340 1069 1375 3.
1088 1340 1155 1375 46.
1183 1338 1224 1374 2.
1252 1339 1338 1373 108.
1395 1332 1557 1376 Quintil.
1591 1346 1632 1383 p.

176 1401 292 1438 1062.
314 1406 353 1437 et
375 1402 493 1438 1091.
525 1398 588 1436 ed.
609 1398 742 1436 Burm.
765 1398 917 1449 Apulei.
939 1398 1101 1449 Apolog.
1137 1397 1297 1439 Quintil.
1319 1408 1388 1434 seu
1406 1395 1564 1433 Tacitus
1585 1394 1636 1432 de

171 1460 229 1498 sui
251 1460 381 1500 Seculi
407 1460 632 1500 oratoribus,
691 1460 810 1510 Diog.
838 1460 974 1499 Laert.
1002 1460 1042 1496 in
1062 1459 1238 1496 Platone.
1265 1457 1429 1496 Lucian.
1451 1456 1491 1493 in
1512 1456 1633 1496 Dem.

173 1522 339 1560 Encom.
356 1523 507 1562 Colum.
529 1522 566 1560 in
585 1522 705 1573 princ.
735 1522 992 1561 Lectitavisse
1014 1522 1216 1560 Platonem
1242 1520 1428 1565 studiose,
1448 1519 1636 1558 audivisse

174 1583 289 1623 etiam
309 1584 596 1623 Demosthenes
626 1584 777 1631 dicitur,
806 1584 922 1635 idque
952 1591 1111 1635 apparet
1142 1597 1193 1621 ex
1223 1595 1368 1634 genere
1389 1589 1428 1620 et
1448 1581 1637 1632 gravitate

173 1647 394 1685 verborum.
466 1646 572 1685 Dicit
605 1646 721 1685 etiam
753 1646 792 1684 in
826 1647 995 1697 quadam
1029 1645 1192 1697 epistola
1224 1645 1301 1683 hoc
1335 1644 1416 1696 ipse
1452 1643 1501 1682 de
1535 1656 1636 1683 sese.

176 1708 318 1748 Cicero
335 1709 384 1747 de
404 1708 516 1747 claris
536 1715 680 1747 orator.
739 1709 856 1751 Quod
876 1708 978 1746 idem
995 1708 1044 1746 de
1063 1707 1330 1746 Demosthene
1351 1705 1556 1744 existimari
1577 1719 1641 1757 po-

174 1777 263 1816 test,
279 1772 388 1822 cujus
417 1784 465 1808 ex
492 1770 660 1821 epistolis
689 1769 851 1821 intelligi
870 1770 975 1815 licet,
996 1783 1109 1821 quam
1130 1769 1314 1819 frequens
1333 1767 1450 1805 fuerit
1467 1767 1638 1805 Platonis

175 1832 341 1871 auditor.
398 1832 483 1871 Cic.
501 1833 540 1869 in
557 1831 735 1871 Oratore.
783 1833 845 1870 An
864 1832 904 1870 id
924 1831 1016 1870 dicit
1032 1832 1170 1870 Cicero
1191 1831 1240 1868 ob
1263 1830 1433 1868 colorem
1455 1829 1636 1869 orationis

175 1894 490 1941 demosthenicae‚
510 1907 558 1932 an
576 1894 683 1945 quod
701 1894 740 1931 in
756 1893 938 1945 Epistolis
954 1894 994 1932 id
1009 1893 1266 1932 testimonium
1282 1890 1498 1943 reperitur?
1536 1891 1639 1928 Ἐπεὶ

176 1958 235 1994 καὶ
254 1958 273 1993 ὁ
292 1956 457 1994 Πλάτων
478 1956 653 1994 ἀπεδίωκε
672 1965 738 2002 τῆς
763 1956 896 1994 ἑαυτοῦ
926 1954 1119 2007 διατριβῆς
1140 1955 1204 1993 τὸν
1223 1952 1483 2004 Δημοσθένην,
1503 1955 1553 1996 ὡς
1572 1951 1639 1999 9η-

175 2019 339 2068 ρολέξην.
398 2017 531 2056 Schol.
561 2017 611 2056 ad
632 2017 856 2056 Aristotelis
886 2017 1049 2055 Rhetor.
1071 2017 1096 2055 l.
1116 2019 1154 2055 3.
1174 2030 1212 2067 p.
1226 2018 1291 2055 51.
1348 2014 1637 2053 Demosthenes

175 2079 346 2117 Platonis
366 2078 587 2130 discipulus,
605 2078 754 2117 Gellius
775 2082 812 2117 3.
836 2082 899 2118 13.
929 2077 1217 2116 Demosthenes
1248 2077 1449 2114 Platonem
1479 2076 1636 2122 audivit,

174 2148 219 2178 ut
249 2141 284 2179 ei
313 2154 395 2179 mos
416 2148 508 2179 erat.
540 2140 644 2182 Gell.
663 2145 700 2181 3.
724 2144 786 2179 13.
806 2140 861 2178 uti
878 2140 1060 2178 emendat
1073 2139 1152 2178 Gu.
1171 2138 1398 2177 Ranchinus
1415 2138 1506 2175 Var.
1523 2137 1638 2176 Lect.

178 2206 214 2242 1.
233 2206 271 2242 3.
293 2203 396 2253 apud
417 2202 604 2240 Ottonem
622 2202 739 2240 Thes.
762 2202 794 2241 I.
817 2202 865 2239 R.
886 2202 1012 2240 Tomo
1033 2205 1072 2240 5.
1102 2200 1341 2251 Hermippus
1360 2199 1435 2237 hoc
1454 2199 1637 2250 scriptum

176 2264 329 2314 reliquit
358 2264 667 2303 Demosthenem
696 2263 906 2301 admodum
939 2263 1229 2301 adolescentem
1257 2260 1445 2299 ventitare
1473 2261 1510 2297 in
1534 2262 1639 2299 Aca-

176 2325 355 2372 demiam,
375 2326 655 2376 Platonemque
674 2325 807 2363 audire
836 2325 1001 2363 solitum.
1032 2324 1135 2363 Gell.
1154 2327 1192 2362 3.
1216 2327 1276 2362 15.
1294 2323 1344 2361 de
1364 2322 1582 2374 Hermippo
1601 2337 1636 2360 v.

176 2387 279 2427 Plut.
295 2387 334 2424 in
350 2387 554 2426 Demosth.
598 2387 704 2425 Huic
723 2386 996 2438 respondebat,
1014 2399 1091 2424 non
1106 2398 1147 2423 se
1167 2398 1312 2436 negare
1330 2384 1636 2422 Demosthenem

176 2462 364 2488 summam
382 2449 634 2500 prudentiam,
656 2461 919 2500 summamque
939 2448 1014 2486 vim
1034 2447 1212 2486 habuisse
1229 2446 1397 2485 dicendi.
1449 2446 1539 2492 Sed,
1557 2446 1637 2484 sive

176 2512 251 2550 hoc
269 2511 332 2550 ille
353 2511 507 2562 ingenio
527 2510 727 2562 potuisset,
755 2510 848 2556 sive,
877 2510 916 2548 id
935 2510 1038 2560 quod
1059 2516 1268 2554 constaret,
1291 2507 1464 2546 Platonis
1490 2508 1637 2546 studio-

178 2586 244 2612 sus
264 2572 412 2617 fuisset,
433 2585 509 2610 non
523 2572 617 2623 quid
636 2571 698 2608 ille
715 2572 915 2622 potuisset,
935 2571 1005 2610 sed
1019 2571 1112 2621 quid
1132 2571 1192 2609 isti
1213 2571 1410 2614 docerent,
1432 2582 1516 2607 esse
1538 2583 1638 2620 quae-

176 2634 351 2673 rendum.
369 2634 453 2672 Cic.
474 2637 507 2672 1.
524 2634 573 2671 de
594 2641 760 2671 oratore.
817 2634 952 2672 Genus
972 2633 1134 2673 fortasse
1154 2639 1243 2671 sunt
1261 2632 1398 2677 secuti,
1414 2645 1494 2669 non
1514 2632 1632 2678 idem,

177 2697 285 2749 quod
309 2696 609 2741 Demosthenes,
633 2703 700 2734 aut
721 2696 845 2742 Plato,
871 2705 1101 2746 quamquam
1135 2702 1174 2732 et
1198 2694 1221 2731 ii
1249 2693 1318 2744 ipsi
1345 2693 1446 2731 inter
1465 2706 1505 2731 se
1527 2693 1635 2731 dissi-

173 2760 283 2799 miles
319 2759 486 2797 fuerunt.
518 2758 679 2800 Quintil.
710 2761 748 2797 9.
779 2761 818 2796 4.
877 2757 1179 2795 Demosthenem
1215 2754 1428 2806 principem
1458 2754 1631 2792 omnium

178 2821 346 2860 Groeciae
374 2827 568 2859 oratorum
600 2819 752 2858 dedisse
783 2832 938 2870 operam
971 2818 1120 2857 Platoni
1151 2817 1322 2855 tradunt.
1382 2816 1542 2858 Quintil.
1574 2819 1635 2855 1¹2.

177 2887 215 2922 2.
273 2883 361 2922 Non
390 2882 482 2921 illud
504 2882 771 2931 jiisjurandum
801 2894 870 2932 per
898 2894 1019 2918 caesos
1048 2880 1085 2917 in
1116 2879 1350 2918 Marathone
1372 2891 1415 2917 ac
1445 2878 1634 2918 Salamine
