1824 3171
405 693 884 751 PRAEFATIO
935 690 1392 749 EDITORIS.

175 1048 220 1094 N
231 1063 412 1095 UMINE
440 1048 530 1094 Dei
557 1048 667 1112 Opt.
687 1049 818 1096 Max.
859 1050 1071 1097 absoluto
1108 1065 1264 1113 opere,
1301 1047 1418 1095 mihi
1454 1048 1642 1096 tandem

172 1140 328 1190 restat,
362 1132 578 1180 Lectores
616 1134 823 1192 candidi,
865 1142 915 1181 ut
951 1141 995 1180 et
1032 1132 1413 1181 benevolentiam
1445 1140 1644 1180 vestram

174 1215 437 1273 conciliem,
472 1201 520 1263 ei
562 1217 803 1274 rationem,
849 1234 992 1280 quam
1026 1224 1214 1264 secutus
1251 1218 1353 1274 sim,
1393 1232 1644 1279 exponam,

174 1315 352 1362 vosque
383 1299 444 1346 de
472 1300 600 1346 omni
638 1317 685 1346 re
717 1299 887 1347 faciam
919 1301 1155 1347 certiores.
1225 1300 1396 1347 Sciatis
1432 1298 1647 1362 profecto

175 1400 323 1430 annos
360 1383 530 1430 multos
566 1399 680 1442 esse,
717 1401 825 1431 cum
862 1385 972 1431 istos
1009 1377 1190 1431 labores
1215 1385 1385 1441 subivi,
1411 1384 1646 1431 literarum

176 1483 334 1513 amore
359 1467 509 1530 magis
534 1466 779 1529 impulsus,
800 1483 944 1530 quam
964 1484 1058 1530 quo
1078 1466 1323 1513 arbitrarer
1345 1483 1418 1513 me
1442 1465 1501 1512 ad
1527 1464 1649 1512 hanc

176 1567 275 1597 rem
311 1550 436 1596 satis
510 1549 655 1604 Quod
681 1551 719 1596 si
743 1551 883 1597 totius
909 1551 1062 1613 operis
1086 1550 1351 1607 consilium,
1378 1550 1417 1595 si
1441 1548 1651 1596 studium

176 1649 350 1691 meum,
377 1649 664 1696 operamque
681 1650 734 1680 ac
751 1632 1065 1697 diligentiam,
1082 1634 1189 1680 usui
1206 1642 1357 1680 vestro
1375 1634 1651 1695 impensam,

178 1716 490 1774 excusseritis,
527 1715 866 1763 benevolentiae
903 1733 1038 1780 spero
1075 1724 1255 1774 vestrae,
1280 1732 1424 1778 quam
1460 1714 1655 1762 sanctis-

177 1799 293 1846 sime
317 1798 454 1845 nobis
480 1799 728 1846 colendam
753 1807 885 1863 puto,
907 1817 981 1846 me
1002 1800 1367 1847 satisfacturum.

182 1890 184 1892 ’
247 1882 314 1930 Ut
351 1890 506 1930 autem
542 1901 570 1930 a
609 1884 866 1947 praecipuis
907 1883 1161 1942 ordiamur,
1197 1884 1377 1947 primus
1413 1882 1570 1929 veniat
1609 1881 1657 1926 in

179 1967 390 2015 medium
419 1967 460 2014 T
463 1975 625 2014 extus:
677 1983 819 2031 quem
856 1985 884 2014 a
910 1984 986 2013 me
1022 1968 1090 2014 sic
1125 1966 1399 2030 intelligetis
1438 1983 1464 2012 e
1506 1964 1659 2012 diver·

182 2052 245 2096 sis
270 2049 480 2097 fontibus
515 2051 791 2108 derivatum,
831 2058 884 2097 ut
921 2050 1208 2098 Auctoribus
1248 2051 1425 2114 passim
1472 2049 1658 2107 nostris,

182 2140 411 2196 quantum
467 2132 670 2180 valerem
724 2140 1051 2195 quantumque
1100 2150 1304 2196 possem,
1349 2130 1658 2179 consulerem.

183 2214 246 2263 H.
266 2214 443 2262 Wolfio
487 2217 627 2274 enim,
663 2224 744 2262 aut
781 2232 889 2263 vero
928 2215 1137 2273 Reiskio,
1177 2215 1407 2279 permulta
1445 2216 1659 2271 mutanti,

150 2342 154 2346 .
184 2298 266 2346 sed
293 2298 371 2356 ita,
397 2306 449 2345 ut
479 2315 549 2357 ea,
577 2315 686 2362 quae
710 2299 944 2363 corrigere
968 2299 1080 2356 vult,
1111 2299 1327 2362 plurimis
1358 2298 1554 2361 quidem
1578 2297 1661 2344 de-

182 2399 379 2446 pravare
398 2382 626 2441 videatur,
655 2381 978 2430 adhaerescere
1004 2382 1223 2429 verebar:
1262 2391 1307 2429 et
1330 2381 1532 2429 Textum
1566 2382 1662 2428 sive

183 2465 486 2514 Lutetianum
504 2467 603 2514 sive
623 2467 946 2515 Felicianeum
969 2466 1060 2514 hoc
1085 2467 1181 2513 diei
1211 2466 1534 2531 Typographo
1564 2483 1661 2513 rur-

185 2568 263 2599 sus
303 2551 656 2614 recoquendum
696 2550 898 2609 dedisse,
942 2566 1177 2597 morosum
1208 2550 1281 2613 (ut
1315 2548 1583 2609 videbatur)
1620 2556 1666 2594 et

187 2632 427 2682 difficilem
450 2634 607 2696 potius
628 2632 886 2690 Editorem,
921 2650 1064 2696 quam
1089 2632 1341 2696 providum
1363 2632 1663 2696 diligentem-

189 2733 297 2780 que,
339 2717 585 2780 sapuisset.
675 2715 764 2763 His
802 2716 861 2762 de
897 2717 1052 2763 causis
1090 2714 1183 2762 feci
1225 2715 1452 2763 continuo
1494 2713 1664 2760 multos

187 2800 444 2863 participes
463 2799 641 2847 Textus
660 2816 797 2847 novae
823 2797 1074 2857 Editionis,
1093 2798 1362 2846 Bekkerum
1386 2805 1515 2862 puta,
1538 2795 1663 2858 Tay-

188 2882 353 2941 lorum,
376 2882 427 2930 F.
450 2882 508 2929 A.
527 2881 770 2941 Wolfium,
793 2882 1144 2948 Spaldingium,
1179 2889 1232 2929 ut
1259 2899 1284 2929 e
1306 2880 1504 2928 Tabulis
1536 2878 1663 2925 Con-

189 2972 424 3016 tentorum
461 2968 639 3031 optime
677 2966 992 3030 intelligetur:
1032 2967 1081 3013 in
1120 2965 1300 3014 caeteris
1337 2980 1441 3012 meo
1465 2961 1665 3025 remigio
