1824 3171
219 153 367 194 clxxxii
669 152 882 192 REISKII
913 151 1206 190 PRAEFATIO

220 268 337 307 quam
355 254 427 293 fuit
445 253 631 294 saeculum
650 253 760 292 XVI.
804 253 954 292 Aderat
980 253 1016 292 ei
1044 266 1123 292 non
1150 252 1436 292 contemnenda
1462 252 1573 304 copia
1599 265 1669 292 seu

219 317 402 355 librorum
429 317 578 355 calamo
607 322 863 365 exaratorum,
891 327 961 353 seu
979 315 1203 354 variantium
1230 328 1283 353 ex
1310 315 1355 353 iis
1384 321 1670 365 excerptarum.

219 391 382 429 quarum
401 378 568 415 indicem
598 380 679 424 ejus
707 375 880 427 praefatio
907 376 1084 424 exhibet,
1107 376 1147 414 in
1175 376 1281 415 calce
1300 376 1418 415 nostri
1437 376 1578 427 operis,
1596 387 1672 415 una

219 451 307 477 cum
326 439 487 477 aliorum
508 437 810 489 praefationibus,
831 450 854 475 a
872 438 984 476 nobis
1013 438 1226 476 reddenda.
1283 437 1362 476 Sed
1390 437 1506 475 nimia
1525 437 1560 475 ei
1579 449 1674 476 cun·

218 500 338 538 ctatio
359 500 499 546 offecit,
520 499 652 537 nescio
670 498 804 549 quibus
823 511 847 536 a
866 499 991 538 causis
1010 499 1201 550 profecta.
1243 498 1402 537 Interim
1411 498 1554 547 judicia
1569 510 1673 548 quae-

220 561 310 599 dam
330 563 413 612 ejus
433 561 482 598 de
501 560 700 598 codicibus
730 559 971 610 quibusdam,
991 560 1054 611 qui
1074 561 1108 598 ei
1127 567 1270 611 praesto
1296 567 1419 606 erant,
1445 559 1509 598 hic
1529 559 1672 597 refera-

221 635 321 661 mus.
380 621 694 673 Altempsianum
712 620 868 659 scholiis
888 621 940 658 ait
960 621 1260 660 contaminatum
1289 633 1388 666 esse,
1416 634 1456 672 p.
1487 623 1577 662 147.
1607 622 1673 661 37.

221 690 262 722 et
279 687 345 722 40.
376 683 661 722 Baroccianum
680 683 733 721 ait
752 695 800 720 ex
819 682 1050 733 Augustano
1077 682 1200 734 primo
1229 682 1465 733 exscriptum
1492 694 1590 728 esse,
1609 687 1676 721 aut

220 751 355 782 contra
372 745 476 783 hunc
496 757 548 782 ex
569 744 650 791 illo,
669 758 707 795 p.
731 748 822 784 328.
842 746 908 786 27.
929 744 966 781 in
987 757 1064 794 quo
1090 743 1170 781 falli
1190 743 1309 780 virum
1334 742 1600 781 doctissimum
1626 754 1675 781 ex

221 819 270 845 eo
290 813 457 853 constat,
479 806 583 858 quod
602 806 867 846 Baroccianus
887 806 995 857 leges
1015 813 1055 844 et
1084 805 1243 843 decreta
1267 805 1397 849 habet,
1426 817 1513 854 quae
1535 804 1676 845 desunt

220 867 463 918 Augustano.
519 867 788 918 Augustanum
806 868 921 913 hunc,
943 867 1286 905 Vindobonensem
1315 873 1355 904 et
1374 865 1676 904 Wolfenbuitte-

219 928 368 966 lensem
389 929 472 965 fere
492 927 638 979 ubique
662 929 764 967 inter
787 942 830 967 se
859 928 1092 974 consentire,
1111 941 1202 966 vere
1227 928 1401 973 affirmat,
1421 928 1512 965 item
1531 927 1571 965 in
1590 940 1675 965 ora-

221 988 327 1027 tione
347 988 543 1039 Leptinea
562 990 832 1039 Augustanum
852 996 892 1028 et
906 989 1186 1041 Harleyanum.
1243 988 1418 1026 Tandem
1438 988 1579 1027 edendi
1593 989 1676 1026 De-

220 1050 432 1088 mosthenis
452 1049 502 1088 ad
520 1063 582 1088 me
603 1051 759 1089 devenit
774 1064 870 1098 sorS,
885 1051 980 1090 faxit
1002 1051 1109 1097 deus,
1128 1058 1172 1088 ut
1191 1063 1237 1089 ea
1254 1050 1422 1101 mihique
1442 1050 1676 1101 publiceque

221 1112 393 1150 secunda
413 1111 544 1151 fuerit.
601 1112 719 1154 Quod
737 1113 788 1150 ad
807 1126 903 1165 opus
924 1112 1198 1151 elaborandum
1217 1111 1354 1162 quibus
1373 1111 1601 1151 accesserim
1621 1111 1676 1148 in-

221 1179 391 1212 structus
413 1172 546 1224 copiis,
565 1185 695 1211 meum
714 1186 820 1213 nunc
841 1181 901 1213 est
920 1174 1062 1212 dicere.
1091 1174 1197 1224 quod
1215 1173 1354 1211 faciam
1373 1173 1448 1211 hoc
1467 1172 1673 1224 eopiosius,

223 1247 302 1285 quo
316 1233 470 1285 parcius
487 1234 536 1272 de
551 1233 622 1272 illis
638 1234 836 1274 codicibus
851 1235 1022 1281 aliorum,
1037 1248 1133 1286 quos
1152 1247 1334 1286 usurpare
1349 1234 1439 1272 mihi
1458 1247 1535 1273 non
1553 1234 1675 1281 licuit,

219 1295 442 1335 necessario
476 1295 680 1346 disputavi.
738 1295 818 1334 Sed
843 1303 1050 1347 antequam
1081 1296 1175 1334 illuc
1203 1296 1355 1334 veniam
1379 1295 1482 1347 prius
1510 1308 1676 1334 comme-

221 1357 382 1395 morabo
413 1357 568 1396 codices
600 1357 940 1404 Demosthenicos‚
967 1370 1065 1409 quos
1097 1357 1188 1396 alibi
1217 1364 1368 1396 exstare
1395 1357 1589 1408 proditum
1617 1363 1677 1395 est

223 1430 434 1457 memonae.

796 1584 963 1627 SECT.
995 1583 1109 1626 XV.

341 1695 402 1732 De
421 1696 598 1734 codicibus
618 1697 869 1735 Demosthenis
887 1699 924 1735 in
944 1698 1160 1736 bibliothecis
1172 1698 1309 1747 passim
1328 1698 1562 1736 exstantibus.

279 1804 380 1844 Non
400 1813 459 1844 est
477 1806 624 1845 anImus
643 1806 926 1844 Bibliothecam
945 1806 1262 1845 bibliothecarum
1278 1806 1678 1852 Montfauconianam‚

226 1872 293 1905 aut
310 1866 595 1914 Coislinianam,
607 1875 672 1906 aut
685 1866 861 1906 Bandinii
876 1868 1150 1914 Florenffinam,
1167 1874 1234 1906 aut
1250 1867 1478 1917 Catalogum
1494 1874 1678 1905 mstorum

227 1941 381 1978 magnae
411 1928 620 1966 Britanniae
649 1929 884 1976 exscribere,
914 1936 952 1966 et
979 1942 1157 1967 numeros
1176 1942 1393 1980 proponere
1413 1928 1591 1967 codicum
1610 1928 1678 1965 de-

227 1988 566 2035 mosthenicorum‚
597 1990 662 2040 qui
691 1990 870 2028 dicuntur
898 1990 936 2027 in
966 1990 1210 2028 bibliothecis
1240 1990 1444 2039 Vaticana,
1480 1989 1677 2034 Medicea,

228 2050 501 2096 Ambrosiana,
523 2050 829 2098 Vindobonensi‚
860 2051 1046 2097 Leidana,
1068 2052 1242 2097 Gallicis,
1263 2051 1499 2103 Hispanicis,
1520 2050 1681 2102 publicis

227 2111 432 2162 privatisve
451 2112 631 2162 reperiri;
669 2126 764 2163 quos
784 2125 916 2151 omnes
935 2113 1066 2164 utique
1088 2113 1320 2164 expediebat
1339 2126 1362 2151 a
1380 2112 1516 2151 sedulo
1533 2112 1680 2150 editore

229 2172 506 2211 Demosthenis
525 2186 602 2210 non
622 2173 886 2224 perfunctorie
906 2174 1141 2225 perlustrari,
1159 2175 1228 2212 sed
1245 2175 1449 2224 diligenter
1461 2172 1682 2225 percenseri

229 2240 270 2272 et
292 2247 379 2271 cum
400 2233 513 2271 editis
533 2235 761 2284 comparari.
816 2235 976 2272 Nullum
997 2235 1097 2272 enim
1118 2235 1276 2273 dubium
1296 2242 1369 2281 est,
1389 2247 1569 2285 magnum
1597 2236 1681 2285 ejus

228 2295 285 2332 rei
313 2294 480 2332 fructum
519 2295 686 2333 laturam
723 2308 807 2334 esse
835 2308 956 2346 remp.
987 2296 1203 2334 literariam.
1261 2296 1409 2335 Paucos
1441 2296 1682 2334 solummodo

231 2357 544 2394 commemorabo
575 2356 732 2395 codices
755 2356 880 2395 minus
899 2356 1062 2394 forsitan
1082 2356 1237 2407 publice
1257 2365 1382 2403 notos,
1403 2370 1564 2407 quorum
1584 2356 1683 2394 noti-

229 2416 322 2454 tiam
342 2417 422 2454 fors
440 2417 596 2455 fortuna
615 2417 715 2456 inter
742 2418 951 2468 legendum
971 2431 1058 2457 cum
1078 2418 1292 2464 obtulisset,
1314 2418 1352 2455 in
1372 2418 1596 2456 adversariis
1615 2431 1682 2456 an-

229 2477 374 2515 notavi.
429 2479 604 2520 Quorum
624 2491 646 2517 e
665 2492 828 2517 numero
848 2486 906 2517 est

284 2538 572 2585 Breslavicnsis,
600 2552 688 2590 pars
717 2540 978 2586 bibliothecae,
1011 2553 1098 2591 quae
1125 2540 1319 2591 quondam
1337 2540 1409 2578 suit
1430 2539 1683 2590 Rhedingeri,

230 2600 386 2638 nuncin
403 2600 614 2651 gymnasio,
630 2601 732 2652 quod
752 2601 959 2640 Breslaviae
980 2609 1051 2648 est,
1073 2602 1322 2640 Elisabetano
1341 2608 1569 2639 asservatur.
1601 2601 1684 2638 Hu-

224 2665 289 2710 jus
309 2661 456 2699 codicis
476 2662 627 2712 roganti
646 2662 738 2700 mihi
759 2663 870 2714 copia
898 2670 1042 2713 negata
1065 2669 1136 2701 est.
1166 2663 1341 2700 notitiam
1361 2664 1444 2712 ejus
1464 2674 1532 2712 per
1550 2660 1682 2699 literas

231 2723 324 2760 mihi
353 2723 462 2760 dedit
490 2723 662 2762 Arletius
682 2724 732 2763 V.
756 2725 802 2763 C.
833 2725 980 2763 Rector
1007 2724 1107 2762 illius
1137 2723 1350 2775 Gymnasii.
1373 2722 1476 2759 uude
1498 2721 1681 2767 intellexi,

234 2786 408 2824 codicem
439 2785 546 2823 illum
574 2786 766 2837 quondam
802 2787 974 2824 Andreae
1008 2785 1186 2823 Dudithii
1214 2785 1344 2830 fuisse,
1375 2791 1414 2822 ct
1449 2783 1682 2834 Philippicas

235 2861 323 2885 cum
357 2853 468 2885 orutt.
501 2860 572 2898 pro
602 2860 746 2887 corona
773 2855 812 2886 ct
837 2849 886 2887 de
910 2847 1008 2886 falsa
1035 2847 1229 2898 legatione
1257 2859 1343 2884 cum
1372 2844 1526 2884 scholiis
1554 2844 1681 2883 multis

234 2916 382 2947 tencre.
1668 2916 1669 2919 ’
