1824 3171
135 113 243 154 lxxiv
299 115 353 153 H.
384 113 588 153 WOLFII
620 113 700 152 AD
732 113 891 152 SUUM
921 112 1218 152 DEMOSTH.
1247 109 1536 150 PRAEFATT.

137 225 176 257 et
203 220 365 259 honesto
385 220 477 266 viro,
502 219 656 258 Simone
678 217 868 264 Fabricio,
896 217 1040 256 scliolae
1070 224 1211 255 nostrae
1230 215 1410 266 magistro
1430 213 1591 264 diligen-

137 281 293 328 tissimo,
316 284 425 333 cujus
445 289 485 320 et
504 280 645 332 ingenii
675 292 850 324 acumen,
881 287 921 317 et
947 279 1050 317 acies
1080 278 1292 323 oculorum,
1321 284 1361 314 et
1389 277 1427 313 in
1456 273 1592 326 graecis

134 343 253 382 literis
278 344 469 392 judicium
499 351 615 394 atque
648 341 876 380 exercitatio
909 347 1003 378 nota
1030 340 1122 376 mihi
1141 347 1255 384 esset,
1278 346 1320 376 ut
1340 351 1423 376 eam
1443 336 1591 388 provin-

137 405 236 442 ciam
257 405 302 455 (si
328 413 394 443 aut
414 419 475 443 res
493 404 716 443 facultatem
741 402 913 448 haberet,
940 408 1020 446 aut,
1040 401 1070 439 si
1092 401 1196 452 quod
1216 413 1344 452 operae
1363 398 1530 450 pretium
1549 409 1592 435 se

134 465 327 504 facturum
354 480 439 504 esse
466 465 692 514 confideret)
725 464 916 514 suscipere
941 475 1020 499 non
1051 469 1289 512 gravaretur.
1345 461 1393 498 In
1421 473 1497 511 quo
1525 459 1592 498 ille

135 527 227 564 mihi
248 541 317 580 pro
337 527 622 566 necessitudine
642 535 768 564 nostra
787 538 863 562 non
882 524 999 561 modo
1025 523 1186 574 privata,
1207 522 1276 560 sed
1296 521 1412 559 etiam
1426 520 1593 571 publica,

136 592 282 635 (sumus
303 589 402 627 enim
423 589 587 639 collegae
614 587 652 624 in
683 587 822 625 eodem
843 597 992 636 graecas
1021 584 1238 634 latinasque
1266 583 1397 620 literas
1426 580 1593 619 docendi

138 651 314 698 munere)
336 658 374 688 et
390 651 439 688 ob
460 650 515 688 rei
535 649 713 687 literariae
733 647 1004 700 promovendae
1020 645 1188 684 studium
1207 644 1312 682 haud
1332 642 1497 694 graviter
1513 655 1593 680 mo-

136 724 217 749 rem
233 712 366 762 gessit,
389 720 518 761 atque,
535 724 653 763 opere
670 710 868 754 confecto,
888 707 964 746 hoc
984 707 1102 746 modo
1116 707 1167 746 ad
1186 719 1248 744 me
1266 704 1421 757 scripsit
1436 719 1446 743 z

774 811 876 846 nimo
943 812 999 847 iro

462 810 945 929 ΗΙΕΒΟΙὲΙΥΜΕζ
965 879 1259 928 WOLFIO

557 962 745 1013 Compatrz'
770 975 834 1000 suo
862 962 964 999 unice
991 961 1136 999 colendo

850 1045 884 1070 s.

188 1096 343 1135 Ml'r'ro
367 1096 416 1134 ad
436 1102 488 1141 te,
505 1095 556 1133 mi
578 1094 814 1146 optatissime
831 1100 1044 1145 compater,
1060 1093 1294 1132 Orationum
1315 1091 1594 1131 Demostheni·

136 1172 264 1198 carum
284 1158 497 1209 exemplar,
518 1158 556 1195 in
576 1170 653 1208 quo
668 1157 792 1194 varias
811 1169 857 1194 ac
873 1156 1042 1194 diversas
1057 1155 1246 1194 lectiones
1263 1168 1311 1193 ex
1324 1154 1443 1193 veteri
1459 1167 1594 1191 manu-

136 1221 283 1273 scripto
313 1220 449 1259 codice
476 1219 682 1270 diligenter
712 1226 752 1257 et
781 1226 963 1257 accurate
991 1226 1208 1270 perspecto,
1238 1224 1278 1256 et
1306 1217 1356 1255 ad
1383 1216 1595 1254 editionem

138 1284 429 1334 Hervagianam
451 1283 607 1328 collato,
628 1282 731 1320 bona
749 1281 827 1319 fide
853 1280 996 1325 notavi,
1017 1280 1223 1330 multisque
1251 1279 1290 1316 in
1307 1278 1400 1315 locis
1420 1276 1596 1328 gravissi·-

134 1359 241 1384 mum
261 1359 308 1384 ac
329 1344 685 1396 eloquentissimum
708 1350 900 1381 oratorem
919 1341 1020 1379 foede
1038 1354 1085 1379 ac
1106 1341 1267 1392 turpiter
1286 1339 1503 1377 mutilatum
1525 1338 1593 1376 de-

134 1416 414 1461 pravatumque
434 1406 599 1445 offendi:
630 1407 788 1456 (praeter
806 1405 908 1442 enim
930 1403 1134 1441 innumera
1152 1415 1253 1454 pene
1273 1401 1416 1439 librarii
1439 1400 1594 1446 menda,

138 1469 510 1519 constructionisque
529 1468 732 1506 verborum
751 1465 1093 1517 perturbationem,
1113 1463 1280 1514 integros
1298 1461 1491 1500 interdum
1511 1474 1595 1499 ver-

135 1545 199 1570 sus
218 1531 430 1583 praeteritos
450 1537 565 1581 atque
581 1529 739 1568 omissos
759 1527 900 1579 reperi)
918 1539 1031 1578 quem
1044 1533 1172 1563 tamen
1186 1524 1328 1570 studio,
1346 1537 1459 1574 opera
1478 1530 1596 1575 atque

135 1593 322 1631 industria
342 1599 408 1631 tua
426 1592 666 1644 perpolitum,
686 1589 977 1640 integritatique
998 1601 1045 1626 ac
1065 1587 1177 1625 nitori
1198 1600 1267 1624 suo
1286 1585 1519 1631 restitutum,
1537 1585 1594 1622 sic

129 1659 211 1705 jam
241 1655 435 1694 exiturum
468 1666 681 1705 speramus,
711 1659 756 1690 ut
784 1665 864 1690 non
896 1651 1018 1689 multa
1047 1650 1087 1687 in
1119 1651 1202 1700 ejus
1235 1648 1481 1693 orationibus,
1515 1647 1594 1686 sive

136 1717 383 1768 splendorem
410 1717 627 1762 verborum,
659 1715 738 1752 sive
769 1714 1042 1752 sententiarum
1068 1719 1294 1751 ornamenta
1326 1716 1495 1761 spectes,
1525 1710 1595 1748 ho-

136 1779 259 1817 mines
278 1778 468 1829 ingeniosi
497 1791 544 1816 ac
563 1776 669 1815 docti
699 1776 952 1814 desideraturi
973 1783 1076 1814 sunt.
1133 1775 1221 1825 Ego
1249 1780 1395 1812 tantum
1415 1772 1597 1823 profecto

136 1841 279 1879 veteris
296 1840 441 1878 codicis
459 1839 676 1891 antiquitati
694 1839 836 1884 tribuo,
855 1846 898 1876 ut
914 1838 943 1876 is
958 1839 1018 1876 vel
1034 1845 1193 1891 propter
1207 1836 1328 1874 solam
1348 1847 1595 1872 numerorum

137 1902 436 1942 concinnitatem
458 1909 498 1939 et
517 1902 746 1939 suavitatem
767 1900 1032 1938 admirabilem
1053 1898 1340 1951 compositionis
1360 1901 1459 1948 (quae
1478 1896 1516 1934 in
1540 1896 1595 1934 al-

135 1972 218 2002 tera
247 1964 414 2002 editione
435 1963 643 2001 desiderari
671 1963 797 2013 aliqua
821 1976 869 2001 ex
897 1970 1007 2014 parte
1027 1963 1194 2010 videtur)
1214 1959 1378 2012 publicis
1407 1959 1595 1996 sumtibus

136 2034 242 2064 totus
263 2025 552 2070 describendus,
573 2025 858 2075 pervulgandus
875 2032 992 2074 atque
1012 2024 1188 2062 edendus
1204 2021 1295 2060 mihi
1311 2034 1395 2059 esse
1408 2019 1594 2059 videatur.

192 2089 295 2126 Nam
315 2101 404 2126 cum
433 2100 532 2125 unus
562 2085 850 2124 Demosthenes
878 2085 979 2123 inter
1007 2098 1140 2122 omnes
1166 2090 1338 2120 oratores
1361 2094 1509 2131 graecos
1530 2094 1596 2119 ex-

139 2152 312 2198 celleret,
331 2152 436 2202 quod
464 2163 652 2188 summam
679 2148 936 2200 prudentiam,
966 2158 1232 2196 summamque
1251 2144 1326 2181 vim
1356 2144 1517 2182 liaberet
1537 2144 1594 2182 di-

138 2214 265 2259 cendi,
296 2215 379 2263 ejus
406 2212 567 2249 fulmina
594 2212 652 2261 (ut
676 2210 796 2260 inquit
817 2209 972 2258 Cicero)
993 2221 1070 2246 non
1099 2208 1151 2244 ita
1171 2207 1395 2251 vibrassent,
1423 2205 1492 2243 nisi
1524 2219 1594 2244 nu-

137 2275 251 2313 meris
272 2281 452 2312 contorta
471 2273 680 2316 ferrentur,
701 2283 862 2321 quorum
884 2283 958 2308 ceu
977 2269 1213 2307 lineamenta
1241 2281 1288 2306 ac
1307 2267 1469 2317 vestigia
1488 2281 1594 2318 quae-

135 2338 223 2375 dam
238 2336 446 2387 singularia
464 2335 502 2371 in
522 2333 783 2383 manuscripto
797 2331 935 2370 codice
949 2344 1136 2382 apparere
1153 2337 1267 2380 atque
1288 2328 1458 2380 conspici
1479 2343 1594 2379 posse

136 2398 329 2436 existimo.
385 2396 570 2435 Continet
607 2395 637 2433 is
667 2395 765 2432 liber
801 2393 883 2432 fere
919 2406 1050 2431 omnes
1086 2391 1365 2430 Demosthenis
1401 2391 1593 2430 orationes

134 2467 277 2514 praeter
305 2459 506 2504 ἐπιστολήν
532 2460 728 2510 φιλίππου,
754 2454 1020 2507 Δημοσθένους
1048 2454 1260 2499 ἐπιστολὰς,
1288 2455 1464 2503 προοίμια
1480 2451 1595 2502 δημη-

138 2525 282 2573 γορικιὶ,
314 2521 508 2572 ἐπιτάφιον
528 2522 586 2557 καὶ
612 2519 783 2570 ἐρωτικὸν
803 2520 935 2565 λόγον,
962 2517 1027 2554 τὸν
1055 2524 1198 2567 πρῶτον
1229 2517 1287 2553 καὶ
1314 2514 1476 2563 ἕεύτερον
1497 2517 1592 2552 κατ-(ἰ

138 2587 317 2636 στεφάνου
337 2582 674 2633 ψευδομαρτυριῶν,
691 2581 754 2618 τὸν
773 2581 865 2617 κατὰ
886 2577 1034 2628 εὒέργου
1050 2580 1108 2615 καὶ
1126 2575 1401 2628 μνησιβοὺλου,
1423 2575 1485 2613 τὸν
1500 2576 1592 2626 πρὸς

140 2647 366 2690 minanter,
386 2644 449 2681 τὸν
469 2646 561 2680 κατὰ
579 2646 739 2694 ιἐαίρας.

192 2706 350 2745 Scholia
369 2717 520 2756 quoque
540 2717 667 2754 graeca
685 2703 722 2740 in
744 2701 915 2753 margine
936 2708 1066 2739 notata
1088 2699 1390 2750 descripsissem,
1407 2704 1520 2748 atque
1541 2699 1593 2738 ad

135 2777 176 2808 te
197 2768 403 2807 misissem:
435 2766 504 2804 sed
520 2765 629 2803 video
649 2765 834 2816 pleraque
852 2777 934 2802 csse
956 2764 1091 2801 eadem
1114 2775 1200 2800 cum
1220 2762 1276 2806 iis,
1299 2774 1384 2811 quae
1404 2760 1442 2797 in
1461 2774 1591 2799 exem-

136 2832 233 2885 plari
251 2843 378 2882 graeco
396 2828 622 2867 Lutecianze
643 2827 820 2864 editionis
841 2826 1093 2877 reperiuntur.

190 2894 397 2944 Reliquum
418 2898 488 2937 est,
510 2897 551 2928 ut
579 2890 672 2941 ipse,
694 2902 808 2939 quem
841 2901 972 2925 omncs
1000 2888 1035 2924 in
1057 2886 1156 2925 omni
1184 2885 1329 2935 judicio
1351 2884 1590 2935 elegantissi-
