1824 3171
155 91 192 132 xl
625 88 959 133 HIERONYMI
990 92 1188 133 WOLFII

146 202 232 232 tore
267 195 460 246 consequi,
491 196 674 246 quamsit
706 197 878 242 arduum,
910 209 958 234 ex
995 210 1040 235 eo
1073 201 1245 247 apparet,
1276 192 1380 243 quod
1407 190 1446 228 in
1477 195 1584 227 tanto

145 268 283 306 graecae
310 256 448 306 linguae
478 256 726 308 interpretum
754 271 911 295 nurnero
938 271 1048 296 nemo
1077 258 1263 294 hactenus
1292 261 1413 291 totum
1440 251 1584 289 Demo-

147 316 322 353 sthenem
343 319 641 356 convertendum
668 319 856 369 suscepit:
892 320 952 356 alii
983 319 1141 369 professi
1172 313 1302 354 nescio
1327 315 1416 365 quid
1445 317 1585 362 (neque

148 377 247 414 enim
265 385 342 415 tarn
358 378 472 417 facile
487 388 544 416 est
560 387 740 429 praestare
756 392 906 428 magna,
926 393 1037 429 quam
1053 378 1239 429 polliceri)
1255 376 1503 413 distulerunt:
1524 373 1585 410 alii

148 450 196 476 ea
215 438 428 484 ediderunt,
452 454 537 490 quae
557 441 682 490 qualia
701 440 784 484 sint,
807 440 962 477 aliorum
984 448 1066 477 esto
1084 438 1283 487 judiciuin.
1328 436 1464 485 Neque
1484 435 1585 472 enim

146 498 238 536 mihi
258 501 494 550 propositum
517 509 587 545 est,
610 514 822 551 quenquam
842 501 898 538 vel
920 501 1035 538 tacita
1056 499 1288 550 cogitatione
1309 497 1586 548 perstringere:

146 559 305 598 laudare
325 562 475 611 quidem
492 574 570 606 eos,
591 562 653 612 qui
669 562 705 598 in
726 562 867 612 aliquot
885 561 1115 599 orationibus
1136 558 1372 610 explicandis
1393 558 1587 607 egregiam

148 634 304 672 operam
324 630 522 667 navarunt‚
551 635 742 672 cuperem,
765 630 803 660 et
824 623 977 674 quidem
1004 636 1072 673 pro
1099 622 1223 660 officio
1244 621 1437 664 deberem,
1459 619 1522 669 qui
1549 619 1589 655 id

145 681 280 732 ipsum,
310 682 414 733 quod
443 696 515 732 ego
548 697 629 720 sum
657 691 828 729 conatus,
858 684 887 721 si
913 684 1067 728 vellent,
1097 685 1213 733 longe
1242 680 1471 719 luculentius
1490 693 1588 729 prae-

148 751 305 788 starent,
327 744 395 781 nisi
415 745 678 783 assentationis
702 746 957 796 suspicionem
985 746 1311 797 pertimescerem.
1368 742 1482 780 Nune
1501 741 1591 778 dum

147 805 211 842 alii
239 805 298 842 vel
322 813 484 851 cessant,
515 807 574 843 vel
604 820 690 857 quae
718 807 957 858 scripserunt,
991 807 1143 844 Horatii
1171 805 1290 844 secuti
1315 803 1524 848 consilium,
1552 803 1590 839 in

147 878 292 902 nonum
324 879 463 903 annum
493 875 680 917 premunt,
709 868 875 905 laborem
906 869 1007 910 hunc
1037 867 1180 918 imponi
1212 866 1302 902 mihi
1330 878 1462 915 passus
1493 877 1590 909 sum,

147 927 284 976 partim
298 927 548 972 hortantibus,
567 929 703 978 partim
724 936 943 978 susceptum
964 941 1057 978 opus
1078 927 1390 978 approbantibus,
1406 938 1482 962 non
1498 937 1590 974 pau-

148 986 203 1024 cis
234 987 402 1025 eruditis.
458 988 549 1026 Non
578 990 755 1040 equidem
783 1003 864 1027 sum
895 990 1061 1027 omnium
1091 988 1375 1032 audacissimus,
1405 999 1477 1023 nec
1508 986 1590 1023 sine

150 1049 249 1085 omni
263 1048 536 1088 deliberatione
556 1058 595 1088 et
611 1051 740 1088 virium
760 1064 928 1089 mearum
949 1051 1199 1088 aestimatione
1219 1058 1364 1088 tantum
1388 1062 1482 1100 opus
1505 1061 1589 1085 sum

148 1122 351 1159 aggressus
371 1116 462 1161 (quo
478 1112 567 1162 quid
588 1120 705 1163 queat
724 1125 807 1150 esse
826 1113 1013 1164 turpius?)
1035 1120 1099 1150 aut
1119 1126 1179 1150 me
1206 1125 1319 1149 unum
1341 1111 1380 1148 id
1401 1110 1591 1148 efficiendi

148 1171 371 1208 facultatem
402 1172 544 1210 habere
575 1174 733 1219 credidi,
763 1175 811 1212 de
832 1188 905 1224 quo
936 1175 1152 1225 complures
1172 1175 1452 1224 desperassent.
1511 1171 1590 1209 Sed

150 1233 298 1270 duabus
316 1235 507 1285 praecipue
528 1236 642 1273 rebus
661 1235 780 1273 fretus
799 1236 876 1273 fni:
896 1236 1096 1273 tolerantia
1115 1236 1299 1278 laborum,
1319 1234 1454 1284 quibus
1471 1233 1506 1269 in
1527 1232 1593 1269 ho·

148 1302 264 1331 nesto
276 1295 470 1345 proposito
487 1310 562 1333 non
582 1297 694 1334 facile
710 1298 961 1335 succumbere
978 1298 1084 1335 soleo
1100 1310 1107 1334 :
1130 1305 1169 1334 et
1187 1296 1370 1333 mediocri
1388 1295 1591 1331 multorum

149 1367 333 1392 annorum
361 1370 498 1406 graecae
516 1358 656 1408 linguae
686 1357 753 1396 usn
777 1367 816 1396 et
842 1359 1124 1396 exercitatione.
1182 1359 1374 1395 Praeterea
1402 1356 1490 1393 mihi
1512 1356 1593 1392 De-

149 1417 390 1454 mosthenem
409 1418 553 1468 legenti
573 1427 612 1456 et
630 1420 768 1470 saepius
787 1421 973 1470 relegenti
989 1434 1063 1457 non
1078 1428 1226 1457 tantum
1244 1419 1369 1455 inesse
1390 1417 1593 1455 difficulta-

149 1477 196 1514 tis
214 1478 422 1525 videbatur,
443 1488 625 1530 quantum
645 1481 816 1531 plerique
836 1495 1054 1532 persuasum
1074 1482 1280 1519 haberent:
1303 1487 1341 1517 et
1361 1480 1481 1529 siqua
1500 1477 1594 1515 diffi-

149 1539 271 1577 cultas
291 1548 404 1586 esset,
423 1554 505 1579 eam
522 1543 692 1593 pendere
707 1543 840 1594 partim
857 1545 904 1581 ab
927 1544 1163 1594 ignoratione
1179 1543 1320 1593 linguae
1335 1554 1482 1592 graecae,
1507 1553 1594 1591 quae

144 1603 224 1647 jam
243 1614 318 1638 non
335 1603 476 1640 autoris
492 1604 604 1654 culpa
620 1612 687 1650 est,
708 1606 778 1643 sed
803 1605 980 1643 lectoris:
1008 1605 1144 1656 partim
1163 1606 1210 1642 ab
1232 1618 1304 1642 exe
1343 1603 1592 1654 nwplariunte-

149 1663 384 1712 pravatione,
405 1664 454 1701 de
469 1678 544 1715 qua
562 1679 630 1703 nos
650 1680 800 1717 quoque
817 1680 893 1703 non
912 1667 1047 1715 injuria
1064 1666 1342 1718 conquerimur.
1388 1665 1488 1702 Nam
1505 1678 1593 1703 cum

150 1731 339 1761 oratorem
360 1725 463 1763 hunc
482 1735 650 1764 nostrum
672 1728 726 1765 sic
748 1735 851 1766 certe
867 1728 968 1778 loqui
997 1728 1219 1779 oportuerit,
1241 1735 1282 1764 ut
1303 1740 1324 1764 a
1349 1727 1592 1772 cerdonibus,

150 1797 174 1822 a
193 1785 330 1829 nautis,
347 1787 394 1824 ab
415 1788 591 1837 agricolis
608 1789 695 1839 (hoc
716 1789 813 1826 enim
835 1793 916 1838 ejus
935 1789 1007 1826 fuit
1026 1789 1268 1837 auditorium)
1290 1789 1592 1838 intelligeretur:

149 1847 294 1896 putavi,
323 1861 398 1893 me,
424 1862 641 1900 quanquam
659 1850 697 1887 in
726 1851 851 1889 media
879 1852 1088 1889 Germania
1111 1859 1255 1895 natum,
1283 1850 1434 1888 assidua
1464 1858 1594 1888 tamen

151 1909 377 1957 optimorum
406 1924 543 1960 groecae
569 1911 710 1961 linguae
735 1913 962 1963 scriptorum
984 1913 1150 1950 lectione
1167 1912 1207 1949 id
1228 1925 1310 1949 esse
1331 1920 1593 1956 consecutum,

151 1976 195 2005 ut
215 1969 498 2009 Demosthenes
519 1973 644 2023 (toties
660 1976 864 2023 praesertim
889 1974 1069 2023 relectus)
1086 1974 1203 2011 nihilo
1222 1973 1310 2010 mihi
1332 1981 1434 2011 esset
1456 1974 1596 2010 obscu-

150 2030 239 2076 rior,
262 2045 374 2082 quam
401 2033 512 2071 alicui
531 2035 770 2081 naviculario,
791 2044 857 2074 aut
884 2037 1039 2080 rustico,
1060 2037 1123 2086 qui
1141 2036 1342 2086 quotannis
1369 2049 1453 2073 eum
1475 2037 1594 2074 semel

150 2100 265 2143 atque
281 2094 418 2131 iterum
446 2109 512 2145 pro
535 2096 720 2136 concione
747 2098 938 2136 dicentem
967 2098 1172 2136 oscitanter
1192 2098 1409 2134 audivisset.
1467 2097 1523 2134 Ea
1542 2104 1596 2134 ta-

149 2168 239 2192 men
259 2157 409 2207 excipio
431 2158 602 2197 instituta
622 2168 808 2204 veterum,
826 2160 874 2197 de
894 2160 1028 2210 quibus
1048 2160 1139 2196 nihil
1155 2159 1246 2196 certi
1273 2158 1381 2195 nobis
1398 2165 1456 2195 est
1476 2158 1592 2195 tradi-

150 2223 256 2262 tum;
286 2226 325 2255 et
345 2218 516 2256 codicum
538 2221 708 2267 mendas,
730 2234 815 2270 quae
836 2228 940 2258 certe
967 2220 1168 2257 maximam
1199 2219 1428 2257 difficultatis
1449 2219 1594 2269 opinio-

151 2291 240 2316 nem
265 2289 508 2331 pepererunt.
565 2282 650 2332 Ego
670 2295 760 2319 vero
788 2273 836 2319 ad
868 2295 951 2319 eam
979 2281 1231 2331 superandam
1251 2280 1477 2330 quibusdam
1504 2281 1594 2317 arti-

154 2340 222 2377 bus
242 2354 324 2377 sum
345 2355 446 2388 usus,
462 2343 597 2393 quibus
619 2357 677 2380 me
698 2343 907 2393 profecisse
923 2343 1064 2393 aliquid
1081 2342 1269 2379 existimo.
1319 2342 1406 2379 Una
1422 2341 1505 2378 hoec
1522 2349 1592 2387 est,

152 2403 256 2452 quod
284 2404 372 2440 mihi
399 2418 474 2442 non
504 2406 729 2455 persuadeo,
761 2418 821 2442 me
849 2405 1051 2455 quicquam
1082 2404 1193 2448 scire,
1213 2404 1314 2453 quod
1334 2404 1487 2442 nescio:
1519 2415 1595 2453 quo

151 2464 242 2502 vitio
271 2466 391 2511 multi,
417 2467 487 2504 nisi
518 2467 674 2504 multum
705 2467 828 2511 fallor,
855 2474 894 2504 et
920 2480 988 2503 suo
1018 2474 1056 2502 et
1084 2466 1243 2503 aliorum
1275 2465 1373 2501 malo
1406 2465 1594 2503 laborant.

153 2524 282 2563 Locos
310 2527 424 2576 igitur
453 2528 650 2578 ambiguos
671 2536 710 2564 et
733 2528 867 2565 dubios
888 2528 924 2563 in
947 2540 1097 2564 omnem
1117 2540 1225 2563 verso
1243 2534 1401 2576 partem,
1423 2535 1462 2563 et
1480 2540 1593 2577 quam

152 2588 403 2626 attentissime
433 2603 520 2626 cum
548 2598 630 2627 toto
651 2603 791 2639 genere
814 2590 1122 2627 Demosthenicae
1146 2589 1342 2633 orationis,
1363 2589 1596 2640 aliorumque

152 2650 336 2687 bonorum
359 2660 530 2688 autorum
553 2665 754 2702 comparo:
785 2652 986 2701 diligenter
1005 2651 1164 2701 inquiro,
1186 2663 1232 2686 an
1253 2650 1377 2699 aliqua
1393 2652 1507 2688 verba
1528 2652 1594 2688 de-

154 2712 241 2757 sint,
267 2714 490 2759 redundcnt,
513 2715 642 2751 vitiata
669 2714 755 2757 sint,
788 2722 851 2751 aut
884 2713 1134 2763 transposita:
1163 2712 1192 2749 si
1225 2711 1335 2761 plura
1365 2713 1595 2762 exemplaria

155 2774 297 2812 habere
318 2788 482 2825 possum,
514 2776 693 2813 consero:
721 2776 749 2812 si
770 2788 881 2824 quem
913 2774 1038 2811 locuni
1059 2774 1106 2810 ab
1127 2773 1207 2810 aliis
1237 2772 1405 2816 citatum,
1426 2772 1592 2811 declara-

154 2844 245 2882 tum,
267 2845 332 2874 aut
353 2851 576 2876 conversum
597 2852 678 2875 esse
708 2837 871 2880 memini,
893 2835 1062 2874 consulo.
1121 2837 1252 2884 Atque
1271 2833 1308 2870 in
1340 2833 1409 2872 hac
1437 2835 1590 2884 quidem
