1824 3171
615 194 696 234 AD
727 194 1194 234 DEMOSTHENEM.
1521 193 1632 231 cxxiii

168 303 348 356 quodam,
369 299 587 347 ostendens,
621 314 662 339 se
688 301 842 339 solitum
862 299 1131 338 convenientia
1151 298 1323 337 discendi
1345 297 1430 335 loca
1448 297 1629 348 frequen-

167 373 262 410 tare,
281 370 320 402 et
339 376 385 401 ea
399 361 591 408 habuisse,
611 376 699 413 quae
719 375 815 414 opus
836 369 924 400 sunt
951 361 1096 399 homini
1117 368 1228 411 turpe
1258 359 1350 396 nihil
1372 366 1528 409 propter
1546 360 1628 396 ino-

165 427 266 479 piam
291 425 455 462 facturo.
515 424 697 462 Schottus
726 424 776 462 ad
797 423 955 474 Oiyrnp.
980 423 1049 461 CI.
1070 426 1104 461 1.
1134 422 1198 460 Ol.
1222 421 1290 460 CI.
1312 425 1350 458 2.
1368 421 1526 458 moritur
1549 421 1630 458 De-

167 485 387 525 mosthenes
416 492 538 535 pater,
563 486 702 524 relicto
721 484 800 522 filio
821 491 984 536 septem,
1006 484 1084 521 filia
1104 483 1269 535 quinque
1291 494 1490 520 annorum.
1522 481 1574 518 N.
1596 494 1629 518 c.

166 547 324 598 Aphob.
347 547 449 584 Plut.
472 547 587 585 Phot.
611 547 727 586 Soror
754 552 990 584 memoratur
1016 546 1054 583 in
1074 546 1264 583 Midiana.
1322 544 1401 581 Sub
1423 542 1544 581 tutela
1559 542 1630 593 for

170 612 220 648 10
233 621 343 658 years
360 608 412 646 N.
433 621 466 646 c.
482 609 585 660 Aph.
606 617 638 648 l.
662 609 828 647 Tutores
848 607 1054 659 Aphobus,
1077 606 1332 658 Therippides
1353 604 1602 644 Paeaniensis.

574 682 704 704 *A
1245 696 1285 715 ἡ

271 699 403 761 Demo
697 726 985 764 Demosthenes
1007 730 1119 774 pater
1230 721 1348 758 Soror

269 784 479 836 Demopho
508 792 614 825 tutor
698 787 988 826 Demosthenes
1009 787 1027 823 ὁ
1047 785 1160 823 πάνυ.
1278 783 1284 834 Ι

1188 845 1375 897 Aphobus
1404 850 1520 881 tutor.

218 926 269 963 D.
290 940 324 966 c.
345 927 497 978 Aphob.
519 942 556 966 n.
576 933 614 969 6.
672 930 757 969 Nos
786 930 836 968 ad
857 928 1035 968 AEschin.
1055 941 1094 978 p.
1114 931 1180 966 60.
1202 926 1265 964 ed.
1291 925 1346 962 St.
1361 925 1490 962 Demo
1509 923 1630 960 frater

163 989 440 1028 Demosthenis
472 992 690 1042 superioris.
721 992 773 1031 N.
791 1005 826 1030 e.
844 991 951 1043 Aph.
968 991 1022 1029 ΙΙ.
1039 993 1103 1029 22.
1134 986 1392 1038 Therippides
1420 983 1585 1023 amicitia
1605 996 1628 1020 a

163 1050 292 1101 pueris
307 1053 456 1101 juncta.
506 1052 753 1104 Therippidae
773 1053 925 1104 legatur
945 1054 1012 1094 70.
1032 1050 1220 1088 minarum
1235 1044 1489 1091 ususfructus,
1505 1045 1630 1083 donec

160 1111 448 1150 Demosthenes
468 1112 568 1150 filius
588 1114 847 1152 hereditatem
869 1119 1105 1164 capesseret.
1163 1109 1431 1161 Demophonti
1459 1108 1629 1158 despon-

161 1180 245 1211 sata
272 1173 350 1211 filia
369 1174 626 1225 quinquennis
648 1189 694 1214 ac
716 1176 816 1213 dotis
836 1175 992 1213 nomine
1014 1175 1092 1212 duo
1113 1173 1260 1211 talenta
1280 1172 1384 1209 data.
1442 1169 1630 1220 Aphobo‚

161 1241 204 1272 ut
220 1234 450 1273 Cleobulam
475 1249 636 1273 uxorem
657 1236 828 1282 duceret,
852 1240 917 1275 80.
939 1235 1060 1273 minas
1089 1233 1254 1284 reliquit,
1275 1232 1409 1270 addito
1429 1236 1630 1281 praeterea,

161 1303 206 1334 ut
225 1296 374 1334 aedibus
405 1304 445 1334 et
473 1297 712 1350 supellectile
742 1297 957 1336 domestica
983 1302 1170 1341 uteretur,
1190 1307 1310 1345 usque
1329 1293 1380 1331 ad
1398 1291 1545 1330 virilem
1563 1290 1632 1328 filii

160 1364 331 1396 aetatem.
389 1358 589 1409 Frequens
619 1359 695 1398 hoc
717 1360 901 1398 Athenis.
920 1373 957 1397 v.
977 1372 1033 1397 or.
1054 1371 1122 1409 pro
1143 1356 1378 1394 Phormione
1398 1354 1550 1406 passim.
1572 1353 1630 1390 in-

156 1419 217 1458 fra
235 1420 285 1457 ad
306 1420 359 1458 D.
375 1427 550 1460 mortem.
608 1421 671 1459 Ex
698 1435 830 1460 sorore
859 1420 1139 1459 Demosthenis
1163 1425 1203 1457 et
1222 1418 1400 1456 Lachete
1422 1417 1628 1454 Leucono-

164 1481 246 1520 ensi
265 1489 379 1520 natus
391 1482 674 1530 Demochares,
694 1484 749 1521 vir
770 1491 809 1522 et
826 1484 940 1522 armis
960 1490 1150 1528 strenuus,
1171 1488 1212 1519 et
1240 1479 1461 1531 eloquentia
1488 1476 1630 1516 nemini

162 1542 331 1581 inferior.
377 1543 485 1581 Suid.
520 1545 663 1583 Athen.
694 1545 721 1582 l.
740 1549 779 1584 5.
800 1545 919 1595 Diog.
950 1544 1085 1582 Laert.
1111 1543 1150 1580 in
1171 1542 1330 1580 Zenone
1358 1539 1560 1579 Plutarch.
1580 1539 1631 1576 de

164 1605 295 1658 placit.
316 1606 455 1657 philos.
478 1607 622 1645 AElian.
640 1608 688 1646 V.
711 1608 767 1646 H.
788 1611 825 1646 3.
842 1609 880 1649 7.
937 1605 1207 1644 Demochares
1237 1604 1353 1643 etiarn
1382 1603 1551 1654 quidam,
1572 1601 1634 1638 iti-

165 1664 254 1706 dem
286 1668 590 1714 Leuconoensis,
625 1669 734 1707 duxit
767 1670 805 1706 in
838 1669 1122 1707 matrimonium
1151 1667 1304 1705 amitam
1339 1664 1630 1710 Demosthenis,

164 1729 328 1781 Gylonis
346 1729 477 1767 filiam.
494 1730 543 1768 de
559 1731 850 1770 Democharete
869 1745 906 1770 v.
924 1731 1050 1782 Leop.
1067 1729 1234 1767 Emend.
1254 1728 1364 1766 XIV.
1381 1731 1445 1766 19.
1493 1726 1631 1763 AElian.

161 1791 211 1829 V.
232 1791 287 1829 H.
309 1794 345 1829 8.
369 1794 430 1830 12.
462 1792 607 1830 Valesii
629 1793 826 1845 Excerpta
846 1793 984 1845 Polyb.
1007 1807 1045 1844 p.
1070 1796 1132 1831 10.
1152 1797 1231 1829 not.
1262 1790 1461 1829 Maussac.
1480 1788 1634 1827 not.‘ad

162 1854 357 1905 Harpocr.
389 1867 426 1905 p.
450 1856 539 1895 197.
562 1861 603 1892 et
623 1855 754 1894 Vales.
787 1862 869 1894 not.
891 1855 941 1893 ad
961 1855 1030 1892 has
1061 1861 1183 1900 notas,
1213 1867 1251 1904 p.
1271 1855 1364 1892 295.
1422 1852 1564 1890 Cicero
1593 1850 1633 1887 in

163 1916 299 1962 Bruto,
317 1915 372 1954 ῙῙ.
395 1916 444 1954 de
465 1916 646 1955 Oratore.
679 1919 716 1968 ᾗ.
738 1921 804 1957 95.
820 1917 881 1956 ed.
903 1917 1048 1968 Delph.
1065 1915 1308 1971 Δημοχάρης,
1330 1916 1349 1952 ὁ
1367 1912 1632 1966 Δημοσθένους

163 1986 226 2017 τοῦ
244 1979 397 2030 ῥήτορος
425 1979 593 2027 ἀνεψιὸς,
616 1981 658 2016 ἐν
679 1983 723 2034 τῇ
745 1981 890 2035 εἰκοστῇ
911 1986 982 2018 τῶν
1004 1980 1184 2030 ἱστοριῶν.
1215 1977 1357 2015 Athen.
1376 1977 1405 2015 l.
1423 1980 1462 2016 6.
1483 1989 1521 2027 p.
1541 1977 1631 2016 127.

165 2040 346 2090 Cognati,
375 2039 519 2078 affines.
568 2041 653 2079 Nos
674 2041 723 2079 ad
743 2042 873 2080 AEsch.
894 2055 933 2093 p.
950 2045 1016 2081 60.
1038 2041 1100 2079 ed.
1124 2040 1181 2077 St.
1200 2039 1297 2077 Not.
1315 2038 1408 2077 MS.
1456 2038 1633 2089 Δημοχά-

162 2119 231 2154 ρης
250 2101 525 2147 ὁΛευκονοεύς,
547 2104 565 2139 ὁ
586 2106 652 2149 τὴν
672 2103 808 2150 τηθίδα
828 2107 895 2150 τὴν
910 2104 1002 2154 ἐμὴν
1021 2105 1133 2155 ἔχων.
1168 2102 1286 2139 Dem.
1308 2115 1343 2139 o.
1365 2101 1572 2152 Aphobum
1596 2107 1629 2137 1.

163 2179 202 2204 n.
226 2167 291 2203 21.
311 2163 553 2218 Δημοχάρης,
573 2166 672 2216 ἔχων
691 2165 854 2218 ἀδελφὴν
875 2175 939 2211 τῆς
959 2167 1052 2217 ἐμῆς
1071 2163 1222 2216 μητρὸς,
1241 2162 1432 2213 θυγατέρα
1453 2162 1492 2200 ἒὲ
1510 2161 1634 2199 Γύλω-

161 2241 245 2270 νος.
269 2225 324 2264 N.
349 2238 383 2263 c.
402 2225 504 2276 Aph.
520 2226 578 2264 II.
601 2230 640 2265 4.
699 2227 869 2266 Tzetzes
891 2226 991 2265 Chil.
1009 2227 1081 2264 VI.
1102 2230 1168 2266 50.
1190 2225 1444 2264 Demomeles
1460 2225 1629 2262 Tzetzes

165 2287 266 2327 Chil.
286 2288 357 2325 VI.
385 2289 477 2329 376.
508 2288 776 2328 Demomeles.
798 2289 989 2327 Demonis
1008 2288 1121 2335 filius,
1142 2289 1194 2326 N.
1216 2303 1251 2327 c.
1274 2288 1430 2339 Aphob.
1451 2287 1477 2325 l.
1507 2301 1545 2324 n.
1565 2289 1629 2325 16.

163 2351 226 2389 Ita
243 2350 272 2388 f.
290 2350 575 2400 Demophontis
595 2350 716 2389 frater
735 2355 798 2389 τοῦ
818 2352 1027 2401 ἐπιτρόπου.
1043 2365 1079 2389 ν.
1097 2358 1230 2390 contra
1247 2352 1443 2391 Neaeram.
1500 2349 1630 2386 Demo

162 2411 413 2457 PaeaniensiS,
434 2411 715 2452 Demochares.
747 2413 1000 2451 Demomeles
1033 2412 1252 2457 Παιανιεύς.
1283 2414 1451 2462 ἀνεψιός.
1510 2411 1630 2448 Hunc

163 2475 358 2525 ἐγράψατο
388 2474 494 2525 apud
524 2474 780 2526 Areopagitas
812 2475 958 2513 Noster
988 2474 1124 2514 AEsch.
1157 2489 1190 2514 c.
1223 2475 1398 2526 Ctesiph.
1432 2474 1629 2524 Harpocr.

162 2535 202 2573 in
222 2535 433 2578 Παιανιεῖς.
453 2549 489 2574 v.
514 2535 712 2574 Maussac.
729 2537 780 2574 ad
800 2537 927 2588 Harp.
956 2550 994 2587 p.
1014 2539 1108 2576 235.
1143 2537 1274 2575 vales.
1295 2537 1346 2575 ad
1366 2536 1421 2574 H.
1442 2550 1481 2587 p.
1503 2538 1568 2574 85.
1589 2539 1629 2573 4.

162 2597 247 2635 Nos
268 2597 318 2634 ad
331 2596 425 2635 edit.
443 2597 499 2635 H.
519 2597 653 2649 Steph.
674 2597 872 2636 AEschinis
893 2605 1026 2636 contra
1040 2599 1216 2650 Ctesiph.
1275 2598 1397 2651 [Quae
1416 2598 1455 2635 in
1473 2596 1632 2649 Taylori

164 2659 378 2710 exemplari
398 2658 595 2697 AEschinis
613 2660 839 2712 Stephanici
855 2661 906 2698 ad
924 2673 986 2698 me
1006 2660 1121 2699 misso
1140 2660 1280 2712 reperi,
1297 2673 1345 2699 ea
1364 2659 1492 2699 omnia
1510 2658 1628 2698 edidi.

166 2721 264 2762 Quae
279 2734 357 2758 non
377 2720 515 2771 reperi,
533 2721 649 2759 edere
669 2735 747 2759 non
767 2720 911 2773 potui]

217 2785 255 2820 8.
286 2783 451 2820 Census.
484 2783 603 2821 Domi
623 2783 661 2820 in
677 2784 872 2822 drachmis
893 2787 1012 2823 3000.
1034 2784 1209 2824 drachm.
1242 2784 1439 2836 Supellex,
1470 2783 1627 2827 calices,

167 2855 260 2881 vasa
283 2856 412 2889 aurea,
433 2851 574 2890 vestes,
596 2845 761 2883 mundus
781 2846 977 2883 muliebris
1002 2849 1147 2885 10000.
1171 2847 1231 2885 dr.
1255 2846 1403 2896 argenti
1422 2849 1486 2883 80.
1503 2843 1628 2880 minae.

170 2904 232 2942 Ad
251 2917 436 2944 summam
460 2910 521 2946 14.
539 2907 687 2946 talenta
706 2908 758 2946 N.
775 2921 811 2946 c.
829 2907 980 2960 Aphob.
999 2908 1086 2946 XV.
1106 2908 1257 2946 talentis
1287 2908 1414 2959 μικρὸν
1434 2909 1627 2943 ἀπέλιπεν.

178 2966 375 3005 Plutarch.
