1824 3171
484 166 560 203 AD
592 165 751 204 SUUM
780 165 1074 205 DEMOSTH.
1106 167 1384 205 PRAEFATT.
1510 169 1636 207 xxxvii

189 272 263 321 χὴς
283 275 542 307 correxerunt.
599 269 659 306 Ea
685 276 813 307 autem
841 276 885 306 ut
910 268 1113 315 addantur,
1132 282 1217 319 quae
1245 282 1268 306 a
1287 270 1446 307 librariis
1474 284 1550 308 non
1571 272 1639 309 de-

190 337 358 381 pravata,
379 330 449 367 sed
465 333 597 381 τρωϊκῷ
613 332 684 367 τινὶ
700 330 885 377 πηδήματι
900 331 1052 368 omnino
1073 330 1328 381 praetermissa
1347 332 1514 377 fuerunt,
1535 346 1640 382 quae-

189 403 265 441 que
284 391 360 428 >non
379 390 448 427 nisi
477 390 562 427 libri
591 391 728 441 integri
758 391 926 428 subsidio
954 391 1100 429 restitui
1129 399 1287 441 possunt
1317 395 1425 442 (quae
1446 405 1641 442 perpauca

191 447 345 501 quidem
364 449 562 501 sunt)'non
583 459 641 489 est
661 453 708 489 ab
728 452 879 490 homine
902 452 1184 503 postulandum.
1242 452 1344 489 Illud
1359 465 1462 497 vero.
1482 453 1530 489 mi
1550 453 1641 502 Epi-

189 512 308 562 scopi,
337 519 376 550 et
405 513 614 563 optandum
644 520 715 559 est,
737 520 774 550 et
796 527 911 563 opera
931 527 1001 564 pro
1029 513 1125 550 virili
1146 513 1284 558 danda,
1316 527 1365 550 ne
1395 526 1520 563 operae
1550 520 1640 559 tuae,

190 585 275 622 quae
294 587 363 611 nos
383 580 486 611 tanto
502 575 634 612 labore
655 575 954 620 emendavimus,
971 588 1039 625 per
1053 573 1242 611 inscitiam
1263 581 1301 611 ct
1317 574 1495 611 incuriam
1514 575 1642 612 denuo

190 642 437 686 corrumpant
454 643 493 673 et
509 636 734 686 depravent.
775 636 889 678 Quod
906 635 1003 673 absit
1018 642 1059 676 ut
1072 635 1139 672 fiat
1155 648 1241 672 cum
1258 635 1454 685 utriusque
1474 642 1644 672 nostrum

189 694 323 744 injuria
350 703 466 747 atque
494 697 660 741 infamia,
690 704 728 734 et
754 698 858 747 justa
886 696 1140 748 inscriptionis
1174 696 1446 735 criminatione.
1504 697 1643 747 Neque

192 769 283 794 vero
298 757 377 803 fiet,
395 763 434 795 te
452 758 645 809 vigilante,
668 761 726 796 καὶ
743 761 1044 803 ἐπισκοποῦντος,
1062 765 1103 795 ut
1123 757 1237 803 soles,
1254 759 1317 807 qui
1332 758 1459 796 multis
1480 758 1644 808 egregiis

191 818 446 857 voluminibus
467 819 591 865 editis,
612 819 727 857 fidem
746 826 849 857 tuam
878 826 995 871 atque
1024 819 1246 856 industriam
1277 820 1451 857 omnibus
1480 819 1644 857 candide

189 880 454 929 judicantibus
487 881 716 932 approbasti.
787 881 897 919 Vale.
973 882 1163 931 Augustae
1184 881 1473 919 Vindelicorum
1503 880 1645 918 XXIII

194 941 382 992 Augusti3
409 957 484 993 quo
505 944 566 980 die
587 942 874 995 typographicis
894 943 1161 994 scriptionibus
1182 942 1381 987 confectis,
1413 956 1508 980 onus
1531 942 1646 978 AEtna

193 1003 342 1052 gravius
368 1005 592 1052 excussisse,
614 1012 652 1042 et
673 1017 693 1042 e
713 1004 810 1041 dura
829 1004 1011 1042 servitute
1031 1017 1159 1042 aureae
1180 1016 1425 1042 LIBERTATI
1447 1003 1646 1041 restitutus

195 1077 279 1102 esse
300 1064 389 1102 mihi
408 1065 555 1104 videor.
610 1065 711 1102 Anni
731 1077 779 1104 M.
794 1077 835 1103 D.
858 1077 957 1104 Lxx.

532 1213 595 1250 Aa
612 1212 854 1263 Magnfficum
874 1218 909 1249 et
932 1211 1151 1249 Generosum
1175 1211 1300 1248 Virum

263 1298 333 1345 D.
371 1297 728 1347 IOANNEM
767 1298 1112 1348 IACOBUM
1153 1297 1591 1357 FUGGERUM,

198 1398 435 1450 Kircllbergae
459 1400 702 1438 H'issenhorm'
721 1406 757 1438 et
787 1401 1046 1450 Phyrettarum
1067 1399 1254 1444 dominum,
1278 1398 1449 1435 Caesareae
1468 1405 1502 1435 et
1524 1399 1650 1449 Regiae

250 1468 449 1519 Illqjcs‘tatz'
468 1484 489 1506 α
508 1470 672 1508 Consiliis
687 1477 755 1508 etc.
776 1471 931 1521 ingenio,
952 1469 1129 1514 doctrina,
1158 1469 1294 1506 virtute
1313 1470 1593 1515 ornatissimum,

352 1540 564 1590 Hieronymi
589 1541 638 1578 W
636 1542 708 1589 olfiz'
726 1542 764 1579 in
784 1541 1070 1586 Demosthenem,
1093 1540 1244 1576 latinum
1263 1552 1284 1576 a
1301 1538 1508 1590 sefactum,

826 1610 1021 1664 Proesatio.

251 1717 457 1762 Quorms,
480 1716 643 1756 Ioannes
663 1718 803 1756 Iacobe
823 1718 1015 1768 Fuggere,
1037 1716 1124 1754 vitae
1143 1729 1240 1754 meae
1267 1716 1398 1767 cogito
1427 1717 1653 1755 studiorum-

196 1790 272 1828 que
293 1778 491 1824 rationem‚
510 1779 590 1816 fato
615 1780 782 1831 quodam
803 1780 885 1831 rapi
904 1779 995 1816 mihi
1014 1779 1147 1816 videor
1176 1779 1225 1815 ad
1253 1778 1329 1816 hoc
1357 1779 1565 1816 litterarum
1585 1793 1653 1830 ge-

197 1852 282 1884 nus,
301 1839 338 1876 in
359 1853 433 1891 quo
449 1840 587 1878 multos
601 1844 683 1889 jam
704 1855 835 1887 annos,
857 1841 984 1879 nescio
1006 1853 1121 1891 quam
1140 1839 1318 1884 feliciter,
1341 1841 1476 1877 sedulo
1496 1840 1653 1890 quidem

185 1895 305 1938 ¹certe
324 1915 454 1939 versor
475 1916 520 1940 ac
541 1902 755 1953 diligenter.
813 1904 911 1941 Cum
932 1902 1031 1940 enim
1053 1914 1212 1952 puerum
1246 1902 1334 1939 olim
1355 1902 1459 1939 nulla
1479 1901 1653 1940 discendi

199 1962 364 2007 occasio,
385 1964 498 2000 nullae
522 1972 721 2014 parentum
749 1972 788 2002 et
809 1964 1019 2002 amicorum
1040 1963 1326 2000 cohortationes
1346 1963 1561 2009 invitarent,
1583 1963 1655 2000 sed

200 2024 324 2074 potius
342 2025 491 2075 plurimi
513 2026 767 2073 deterrerent,
797 2034 935 2064 natura
963 2033 1092 2063 tamen
1111 2025 1166 2062 ita
1185 2025 1274 2062 mihi
1293 2025 1364 2062 fuit
1384 2026 1516 2063 insitus
1538 2033 1576 2062 et
1595 2025 1652 2062 in-

199 2085 299 2123 fixus
318 2086 547 2125 incredibilis
567 2088 721 2138 quidam
749 2102 965 2139 graecarum
985 2088 1195 2124 litterarum
1215 2094 1254 2124 et
1273 2100 1436 2137 poeseos
1463 2100 1582 2132 amor,
1613 2094 1656 2124 ut

200 2146 238 2184 in
259 2148 406 2198 magnis
434 2155 472 2185 et
487 2149 566 2186 fere
584 2150 779 2201 perpetuis
800 2163 886 2187 cum
906 2150 1078 2192 fortunae,
1100 2155 1177 2184 tum
1199 2148 1425 2185 valetudinis
1444 2149 1654 2186 incommo-

202 2209 275 2260 dis,
295 2223 488 2261 nunquam
509 2211 695 2249 hactenus
715 2225 738 2249 a
755 2212 874 2250 semel
895 2211 1063 2248 instituto
1092 2209 1303 2247 studiorum
1332 2224 1446 2248 cursu
1465 2211 1654 2260 potuerim

201 2272 288 2310 ullis
308 2273 519 2311 rationibus
535 2273 731 2313 dimoveri.
771 2276 897 2316 Quam
918 2272 1129 2323 prudenter
1149 2271 1186 2308 in
1207 2285 1251 2308 eo
1268 2272 1435 2317 fecerim,
1452 2286 1528 2310 non
1544 2273 1652 2312 dico:

201 2341 242 2372 et
260 2334 292 2372 si
310 2335 401 2386 quid
420 2343 625 2386 peccatum
647 2343 717 2381 est,
738 2335 829 2373 satis
857 2348 995 2385 graves
1025 2333 1163 2371 erroris
1190 2333 1263 2371 mei
1285 2347 1415 2384 poenas
1436 2333 1498 2379 do,
1521 2335 1585 2385 qui
1606 2348 1655 2372 ex

202 2396 386 2434 adamatis
403 2397 541 2434 litteris
569 2397 661 2434 nihil
680 2397 761 2435 fere
781 2397 940 2448 praemii,
960 2402 1098 2447 praeter
1118 2395 1268 2433 labores
1289 2403 1327 2433 et
1347 2396 1549 2441 molestias,
1572 2396 1654 2434 fero

201 2471 327 2509 neque
347 2459 464 2496 ullum
483 2459 672 2510 prospicio
698 2466 864 2509 portum,
883 2458 922 2495 in
950 2471 1026 2508 quo
1047 2464 1132 2508 post
1151 2457 1347 2495 diuturnas
1366 2457 1484 2496 veluti
1511 2465 1655 2508 tempe-

202 2527 341 2563 statum
367 2521 598 2571 J'actationes
627 2521 784 2558 tandem
807 2520 1014 2558 consistere
1034 2520 1162 2564 liceat,
1186 2533 1272 2557 cum
1293 2520 1479 2557 hactenus
1500 2520 1656 2570 quidem

204 2583 252 2624 ab
273 2582 346 2620 alio
368 2583 479 2620 exilio
500 2583 609 2634 (quid
630 2583 731 2621 enim
752 2582 855 2620 aliud
875 2581 1013 2627 dicam,
1045 2581 1116 2619 etsi
1138 2595 1215 2619 non
1236 2582 1477 2632 longinquas,
1501 2582 1654 2619 crebras

204 2652 333 2682 tamen
350 2651 388 2682 et
407 2658 517 2694 aeque
538 2645 717 2683 molestas
730 2643 1072 2695 peregrinationes)
1087 2642 1248 2681 subinde
1261 2643 1374 2680 fuerit
1394 2643 1431 2679 in
1448 2642 1550 2680 aliud
1564 2644 1654 2680 abc-

205 2706 362 2743 undum.
420 2706 507 2743 Sive
528 2706 643 2756 igitur
663 2719 709 2744 ea
728 2706 918 2751 Fortunae,
938 2706 1186 2756 praepotentis
1207 2705 1385 2749 dominae,
1406 2705 1484 2742 sive
1513 2705 1653 2755 simpli-

205 2767 325 2804 citatis
344 2780 441 2805 meae
458 2767 571 2818 culpa
590 2767 637 2804 sit
654 2781 662 2804 :
684 2767 883 2805 ferendum
906 2774 976 2813 est,
996 2780 1071 2803 non
1092 2766 1335 2817 culpandum,
1354 2767 1458 2817 quod
1472 2769 1553 2814 jam
1575 2779 1654 2802 mu-

206 2829 277 2870 tari
296 2842 371 2866 non
390 2837 538 2880 potest:
561 2836 600 2867 et
620 2829 779 2867 miseriis
799 2829 893 2866 meis
912 2829 996 2865 haec
1012 2828 1193 2879 fingenda
1213 2828 1436 2872 consolatio,
1453 2827 1653 2864 stationem

208 2887 304 2933 hanc
322 2890 412 2927 mihi
433 2889 611 2931 divinitus
632 2904 715 2930 esse
745 2890 978 2936 attributam,
1008 2898 1125 2942 atque
1151 2890 1189 2927 in
1211 2903 1256 2928 ea
1284 2898 1438 2928 strenue
1458 2901 1526 2939 pro
1547 2895 1653 2938 parte
