1824 3171
129 105 179 142 xii
474 101 614 141 ALDI
643 102 896 142 MANUTII
925 103 1215 142 PRAEFATIO

135 204 209 241 hoc
223 209 297 250 est,
316 210 358 241 ut
377 209 415 242 et
433 217 643 254 graecarum
660 205 854 244 literarum
868 206 982 245 rudes
1002 207 1230 258 intelligant.
1260 204 1434 243 Privatus
1446 208 1574 241 autem

133 270 240 315 patre
260 264 466 302 admodum
482 266 646 315 juvenis,
665 267 787 304 fertur
805 267 984 305 imbecilli
1005 268 1120 306 fuisse
1137 279 1311 318 corpore,
1334 272 1373 303 et
1390 262 1576 302 valetudi-

136 324 242 362 nario
261 325 372 370 adeo,
390 332 432 362 ut
450 338 576 377 neque
596 327 645 364 ad
664 327 881 378 palaestram
901 329 1128 366 accederet:
1159 325 1479 379 quemadmodum
1499 337 1579 362 om-

135 385 247 423 nibus
269 385 560 426 Atheniensium
589 388 717 438 pueris
741 389 859 426 moris
886 396 978 427 erat.
1035 391 1280 440 Quapropter
1305 388 1360 424 vir
1378 386 1501 424 factus
1529 386 1577 423 ab

134 446 297 485 inimicis
317 447 353 484 in
370 447 571 485 molliciem
588 448 848 495 mordebatur,
864 450 1208 500 appellabaturque
1230 453 1483 499 cognomento
1503 445 1578 483 Ba-

137 507 261 552 talus;
296 514 334 545 et
360 508 476 558 paulo
505 507 681 549 inferius:
709 512 760 552 εἷς
787 510 925 562 ἄνδρας
949 511 1161 562 ἐγγραφεὶς,
1189 509 1298 551 εὐθὺς
1329 511 1459 556 ἀγῶνα
1489 508 1582 544 κατὰ

136 574 209 607 τῶν
227 568 427 620 ἐπιτρόπων
445 569 679 616 ἐνεστήσατο,
696 578 812 614 κακῶς
829 570 1048 622 διῳκηκότων
1062 574 1128 617 τὴν
1143 573 1272 609 οὐσίαν
1293 572 1414 607 αὑτοῦ.
1429 569 1486 604 καὶ
1505 566 1580 604 εἷλε

137 630 208 680 μὲν
223 628 365 675 αὐτους,
387 631 428 666 οὗ
447 633 520 680 μὴν
545 630 708 677 ἠδυνήθη
734 636 858 669 πάντα
876 631 1100 679 ἀπολαβεῖν,
1121 632 1192 669 ὅσα
1208 630 1432 668 ἀπολώλεκε·
1453 628 1491 665 id
1511 633 1582 673 est,

139 702 228 727 cum
247 689 411 740 primum
438 690 604 728 adscitus
633 699 691 729 est
718 691 817 729 inter
835 691 947 738 viros,
966 691 1092 730 statim
1110 691 1310 735 tutoribus,
1339 689 1437 727 male
1465 687 1582 739 ipsius

139 747 390 787 facultatibus
411 749 692 796 administratis,
714 751 814 789 diem
833 751 939 797 dixit,
961 759 1000 789 et
1019 752 1132 790 evicit
1148 751 1300 802 quidem
1319 763 1399 795 eos,
1419 749 1488 786 sed
1507 761 1585 785 non

142 811 271 848 omnia
290 810 425 860 potuit,
441 823 527 859 quae
547 811 736 857 amiserat,
757 825 998 864 recuperare.
1043 812 1095 850 Et
1113 812 1151 849 in
1169 812 1328 849 eadem:
1348 810 1398 847 ἔτι
1415 810 1586 859 κᾴκείνων

139 874 430 919 μνημονευτέον,
447 871 502 908 ὅτι
517 873 672 920 τραυλὸς
690 873 760 922 μὲν
774 871 820 916 ἦν
835 875 902 917 τὴν
922 875 1094 920 γλῶτταν
1108 873 1145 908 ἐκ
1161 872 1311 923 φύσεως·
1327 871 1367 908 τὸ
1388 870 1426 907 δὲ
1439 878 1585 920 πνεῦμα

143 931 381 980 ἀτονώτερος.
400 931 476 968 hoc
496 938 567 977 est,
587 932 637 969 ad
655 932 741 970 haee
761 938 800 969 et
827 932 893 970 illa
912 932 1260 978 commemoranda,
1279 931 1585 969 Demosthenem

143 998 183 1029 et
211 991 342 1041 lingua
366 991 523 1029 balbum
546 999 586 1030 et
613 992 808 1031 imbecillis
827 993 944 1031 fuisse
972 992 1165 1031 lateribus.
1219 992 1331 1030 Idem
1360 992 1398 1028 in
1426 991 1586 1029 eadem:

141 1054 202 1090 καὶ
224 1055 296 1103 γὰρ
316 1052 433 1095 δειλὸς
452 1052 499 1099 ἦν
512 1054 553 1092 τὸ
572 1061 712 1104 πρῶτον
731 1055 821 1106 πρὸς
839 1053 922 1097 τούς
941 1058 1003 1092 τοῦ
1024 1053 1138 1105 δήμου
1161 1051 1341 1104 θορύβους
1362 1054 1419 1090 καὶ
1438 1054 1589 1089 εὐκατά-

143 1115 319 1159 πληκτος,
338 1115 427 1150 ὥστε
447 1112 559 1157 εὐθὺς
574 1113 800 1160 ἐξίστασθαι·
821 1114 881 1153 διά
900 1131 936 1152 τε
955 1117 1058 1153 τοῦτό
1083 1123 1196 1165 φασιν
1213 1114 1324 1151 αὑτὸν
1343 1114 1479 1164 ἄνεμον
1493 1113 1587 1163 ῥαγ-

140 1172 245 1211 δαῖον
281 1182 457 1222 τηροῦντα
493 1176 551 1211 καὶ
588 1179 806 1226 κινουμένην
843 1175 1009 1227 σφοδρῶς
1040 1179 1107 1221 τὴν
1140 1174 1336 1212 θάλατταν
1368 1176 1470 1223 παρὰ
1502 1173 1586 1215 τοὺς

144 1234 344 1282 αἰγιαλοὺς
366 1233 572 1281 βαδίζοντα
601 1239 741 1284 λέγειν,
768 1238 825 1272 καὶ
852 1240 902 1287 τῷ
928 1246 992 1281 τῆς
1004 1235 1204 1285 ,θαλάττης
1223 1237 1303 1287 ἤχῳ
1331 1232 1589 1278 συνεθίζεσθαι

141 1297 262 1347 φέρειν
288 1297 358 1337 τιῖς
390 1303 452 1334 τοῦ
486 1296 600 1347 δῆμον
625 1296 829 1343 καταβοάς·
848 1295 924 1334 hoc
944 1303 1012 1341 est,
1033 1304 1073 1334 et
1092 1296 1192 1334 enim
1220 1296 1344 1347 primo
1371 1294 1522 1333 timidus
1541 1294 1591 1332 ad

143 1355 373 1394 concionum
401 1357 582 1408 strepitus
600 1357 684 1402 fuit,
714 1364 757 1394 ut
784 1357 912 1394 statim
942 1357 1127 1395 deficeret
1155 1364 1195 1394 et
1223 1356 1591 1395 consternabundus.

146 1423 352 1470 propterea
377 1430 468 1456 vero
496 1418 602 1456 aiunt
635 1418 755 1469 ipsum
786 1419 1052 1456 vehementem
1081 1424 1251 1464 ventum,
1284 1424 1591 1468 commotumque

144 1478 354 1516 admodum
373 1491 483 1516 mare
499 1479 737 1517 observando
757 1478 805 1516 ad
824 1479 953 1517 littora
971 1479 1173 1524 accedere,
1195 1485 1234 1517 et
1252 1478 1425 1524 recitare,
1447 1477 1592 1516 sonitu-

143 1551 220 1589 que
238 1539 353 1577 maris
372 1539 504 1591 populi
524 1540 711 1578 clamores
730 1540 831 1578 ferre
852 1540 1107 1578 consuevisse.
1137 1540 1244 1578 Idem
1263 1540 1301 1577 in
1320 1540 1479 1577 eadem:
1500 1554 1592 1588 παρ-

143 1601 349 1651 ειλήφαμεν
377 1600 416 1638 δὲ
435 1602 588 1650 κᾴκεῖνο,
609 1605 659 1645 ὡς
679 1603 737 1639 καὶ
755 1605 855 1654 ξίφος
883 1602 972 1639 ποτὲ
992 1603 1032 1638 ἐκ
1057 1611 1122 1647 τῆς
1150 1603 1283 1653 ὀροφῆς
1309 1602 1509 1650 ἀπήρτησε,
1531 1602 1592 1638 καὶ

144 1658 342 1711 ἱστάμενος
358 1661 427 1699 ὑπὸ
443 1662 569 1700 τούτου
589 1665 734 1712 ἔλεγεν.
753 1663 864 1700 ἐποίει
885 1663 920 1701 δὲ
939 1670 1042 1701 τοῦτο
1064 1662 1106 1700 δι’
1125 1665 1251 1701 αἰτίαν
1276 1663 1459 1708 τοιαύτην·
1480 1663 1522 1699 ἐν
1541 1664 1590 1714 τῷ

143 1722 272 1768 λέγειν
290 1722 463 1772 ἀπρεπῶς
477 1723 539 1760 τὸν
558 1720 659 1775 ὦμον
678 1724 797 1761 εἰώθει
816 1729 940 1761 κινεῖν·
960 1725 1248 1776 ὑπερεκρέμασεν
1265 1722 1329 1762 οὖν
1348 1728 1409 1761 τοῦ
1435 1727 1532 1774 ὤμου
1551 1723 1592 1761 τὸ

144 1784 243 1831 ξίφος
271 1782 311 1818 ἐν
336 1788 429 1834 χρῷ,
453 1786 508 1819 καὶ
529 1785 619 1820 οὕτω
638 1787 686 1834 τῷ
706 1784 776 1822 δέει
795 1794 860 1830 τῆς
885 1788 1035 1832 πληγῆς
1053 1785 1216 1831 ἠδυνήθη
1238 1790 1440 1836 κατασχεῖν
1463 1784 1592 1822 ἑαυτὸν

145 1842 205 1878 ἐπὶ
224 1845 286 1879 τοῦ
305 1846 512 1893 πρέποντος
539 1848 734 1896 σχήματος
750 1859 761 1880 =
790 1846 865 1880 hoc
886 1852 956 1888 est,
978 1843 1196 1894 accepimus
1216 1856 1304 1882 vero
1325 1852 1364 1882 et
1382 1845 1489 1888 illud,
1510 1858 1592 1882 sus-

144 1914 302 1952 pensum
332 1903 380 1940 ab
410 1916 456 1940 eo
482 1903 602 1941 fuisse
621 1916 752 1941 ensem
772 1904 821 1941 de
840 1911 959 1949 recto,
986 1911 1104 1955 atque
1123 1906 1193 1942 sub
1213 1905 1294 1956 ipso
1315 1906 1479 1952 stetisse,
1503 1919 1591 1944 cum

143 1963 338 2001 recitaret.
395 1964 510 2006 Quod
538 1964 638 2002 hanc
665 1966 714 2002 ob
734 1978 885 2002 eausam
906 1965 1044 2003 fecisse
1065 1965 1226 2005 dicitur:
1257 1967 1364 2004 Inter
1384 1967 1591 2005 dicendum

143 2036 299 2063 movere
317 2024 544 2063 indecenter
562 2026 762 2063 humerum
790 2026 1002 2064 assolebat:
1032 2027 1232 2078 suspendit
1258 2027 1372 2078 igitur
1392 2040 1521 2066 ensem
1541 2028 1592 2066 ad

146 2092 276 2122 cutem
305 2085 463 2123 humero
496 2085 783 2124 imminentem:
818 2094 932 2137 atque
960 2088 1011 2125 ita
1037 2095 1142 2126 metu
1169 2088 1292 2138 plagae
1319 2090 1355 2125 in
1375 2088 1528 2127 decenti
1549 2102 1590 2127 se

145 2144 268 2181 forma
293 2144 493 2182 continuit.
548 2145 746 2184 Praeterea
772 2159 855 2183 eum
889 2147 1056 2185 maxime
1086 2148 1123 2184 in
1152 2148 1275 2197 patria
1302 2149 1468 2194 floreret,
1490 2162 1592 2187 nunc

146 2204 289 2242 invidia
316 2205 468 2251 civium,
493 2219 595 2243 nune
616 2206 780 2257 Philippi
803 2206 1093 2258 Alexandrique
1120 2208 1382 2246 Macedonum
1410 2210 1594 2249 maximo-

147 2278 230 2303 rum
247 2278 378 2316 regum
394 2267 661 2316 persecutione
677 2281 869 2318 nunquam
885 2268 1037 2318 quievit,
1052 2268 1166 2306 immo
1182 2282 1204 2307 a
1221 2270 1395 2322 Philippo
1410 2271 1446 2309 in
1461 2285 1593 2323 pugna

147 2325 271 2363 victus
299 2339 438 2376 magna
467 2341 555 2365 cum
584 2328 790 2378 ignominia
820 2329 931 2378 fugit.
988 2329 1088 2366 Tum
1116 2330 1173 2368 bis
1202 2331 1384 2379 exulavit,
1406 2333 1528 2383 primo
1553 2334 1591 2372 in

150 2386 304 2437 AEgina‚
337 2396 376 2425 et
404 2388 607 2434 Troezene,
637 2389 684 2426 L.
714 2389 828 2427 etiam
858 2390 1009 2428 talentis
1039 2392 1086 2428 ab
1116 2393 1360 2443 Areopagitis
1390 2394 1592 2433 damnatur

151 2448 374 2486 Alexandro
394 2462 499 2499 rege,
520 2451 691 2488 secundo
711 2458 837 2489 autem
860 2451 1068 2502 Antipatro
1088 2452 1299 2504 imperante
1320 2455 1454 2505 capitis
1474 2469 1497 2493 a
1523 2469 1592 2507 po-

148 2508 239 2558 pulo
260 2509 475 2555 damnatur,
496 2519 629 2549 autore
649 2512 841 2557 Demade,
861 2511 898 2549 in
918 2512 1090 2563 Neptuni
1110 2515 1308 2565 templum,
1330 2516 1433 2565 quod
1454 2526 1535 2555 erat
1553 2517 1591 2554 in

150 2568 340 2607 Calaurea
367 2570 503 2617 insula,
525 2585 598 2608 non
619 2579 695 2609 tam
715 2573 845 2610 salutis
866 2573 1000 2623 gratia,
1023 2588 1135 2625 quam
1158 2584 1198 2612 ut
1225 2575 1310 2614 inde
1329 2577 1500 2626 quotidie
1525 2591 1592 2629 pa-

150 2629 261 2666 triam
290 2631 538 2681 prospiceret,
560 2646 580 2670 e
604 2633 890 2671 Troezeniorum
919 2635 1012 2672 urbe
1041 2636 1226 2687 confugit,
1259 2637 1423 2688 inibique
1452 2638 1590 2676 hausto

150 2702 313 2737 veneno,
333 2706 418 2730 cum
439 2706 460 2730 a
479 2694 703 2732 satellitibus
725 2696 948 2742 traheretur,
969 2698 1133 2735 excessit
1153 2712 1173 2735 e
1194 2699 1281 2737 vita.
1331 2701 1590 2741 Quemadmo-

153 2751 244 2788 dum
259 2751 297 2789 in
316 2755 395 2800 ejus
413 2753 489 2791 vita
506 2754 733 2793 Plutarchus
749 2756 931 2794 meminit.
972 2757 1113 2808 Operae
1133 2759 1300 2810 precium
1321 2768 1447 2798 autem
1468 2761 1589 2799 visum

155 2818 226 2856 est,
247 2813 421 2863 quaedam
441 2827 487 2852 ex
507 2818 586 2863 ejus
602 2816 761 2867 epistola
777 2817 824 2854 ad
842 2816 1083 2867 magistratus
1102 2820 1361 2871 populumque
1379 2821 1590 2860 Athenien·-
