1824 3171
201 152 233 188 cl
665 156 863 194 REISKII
897 157 1175 197 PitAEFATlo

206 255 339 293 eodem
361 256 480 300 titulo,
500 257 684 307 prodiisse
706 258 975 298 Demosthenis
995 260 1166 306 ἐκδόσεις,
1184 260 1331 298 dabunt
1351 259 1512 310 singulm
1532 271 1639 310 paene

206 316 357 367 paginae
383 317 482 362 libri,
517 331 592 367 quo
611 319 832 356 varietatem
859 320 1031 358 lectionis
1055 321 1359 359 Demosthenicae
1387 321 1640 371 undecunque

203 378 457 428 conquisitam
491 379 687 417 exhibebo.
717 393 828 429 quem
865 381 1014 425 librum,
1044 381 1143 431 quod
1171 382 1207 417 in
1233 381 1369 419 molem
1405 382 1640 432 grandiorem

204 439 416 484 excederet,
438 439 525 476 ideo
546 440 689 490 placuit
714 453 736 477 a
765 441 907 490 reliquo
934 454 1091 492 corpore
1119 450 1330 480 nostrarum
1352 443 1639 479 annotationum

204 512 416 549 segregare,
436 507 474 537 et
492 500 673 550 peculiari
694 499 896 547 volumine,
919 501 1023 551 quod
1057 514 1181 552 operae
1213 515 1236 540 a
1261 502 1370 539 nobis
1393 502 1642 540 Demostheni

205 568 352 598 navatae
371 562 532 611 primurn
553 560 635 607 erit,
655 561 898 600 concludere.
956 562 1099 600 Ponam
1117 570 1242 600 tamen
1263 562 1324 600 hie
1345 563 1509 614 exempli
1528 575 1642 600 causa

203 622 328 660 locum
353 635 466 659 unum
488 622 709 667 alterumve,
739 621 840 661 unde
862 623 1005 673 liquido
1024 631 1191 670 constet,
1221 624 1453 674 exemplaria
1474 624 1641 668 Aldinae,

201 685 338 734 quibus
358 684 416 721 usi
433 690 523 722 sunt
536 683 755 734 Obsopoeus
773 690 812 721 et
824 684 1026 736 Taylorus‚
1045 687 1092 724 ab
1111 698 1158 723 eo
1177 685 1465 735 discrepavisse‚
1479 697 1555 735 quo
1568 698 1641 736 ego

201 758 291 783 usus
318 758 416 783 sum.
442 758 478 782 v.
498 758 537 796 p.
565 745 743 784 editionis
763 745 960 791 Parisinae,
979 749 1072 797 (qua
1100 746 1236 797 ubique
1266 746 1302 783 in
1323 746 1395 784 hac
1415 746 1640 797 praefationc

202 812 294 851 utor,
313 819 399 856 quae
418 807 638 845 necessariis
658 807 704 845 de
722 809 850 847 causis
875 808 980 859 prius
1008 808 1233 846 excudenda
1254 808 1338 853 fuit,
1361 821 1474 858 quam
1502 816 1635 846 nostra

200 879 411 917 graecorum
442 867 826 908 Demosthenicorum
855 868 1004 918 editio.)
1024 870 1061 914 6,
1084 871 1145 907 17.
1164 869 1230 914 26,
1257 871 1315 906 15.
1335 877 1373 906 et
1401 871 1465 908 29.
1486 871 1552 914 34,
1578 871 1642 908 30.

202 930 265 973 536,
286 929 520 966 ‘za—item
545 928 606 975 11,
626 930 693 968 24.
713 932 752 977 4,
775 932 814 967 5.
837 931 897 976 15,
921 930 981 967 ll.
1006 929 1066 975 16,
1092 931 1158 967 20.
1184 930 1244 975 18,
1265 931 1300 967 3.
1319 937 1358 967 et
1378 931 1413 967 8.
1435 932 1498 975 31,
1522 931 1583 968 16.
1606 938 1642 968 et

199 991 262 1025 231.
320 989 417 1028 Haec
445 1001 533 1027 cum
551 1001 652 1028 anno
679 990 863 1042 superiori
880 1002 1098 1029 exarassem
1122 990 1398 1041 (praefationem
1431 991 1530 1029 hanc
1552 991 1641 1029 anni

205 1051 317 1088 1768.
346 1064 477 1089 mense
509 1051 723 1102 Septembri
753 1051 987 1103 conscripsi3
1018 1065 1120 1090 nunc
1152 1058 1293 1099 autem,
1324 1051 1384 1090 die
1408 1054 1467 1090 17.
1501 1052 1640 1091 mensis

200 1112 427 1151 Novembris
454 1114 568 1151 1769.
587 1113 803 1152 excudendi
821 1113 967 1152 factum
987 1119 1045 1152 est
1064 1114 1227 1161 initium)
1247 1113 1382 1151 obtulit
1400 1114 1546 1151 interim
1569 1114 1641 1152 sor·

198 1181 291 1212 tuna
322 1174 493 1212 secunda
514 1174 607 1212 mihi
635 1174 854 1227 exemplum
885 1174 1160 1214 Demosthenis
1192 1174 1323 1212 Aldini
1353 1175 1501 1219 venale,
1537 1175 1640 1225 quod

198 1248 274 1274 aere
292 1248 378 1274 meo
400 1248 524 1273 meum
544 1235 616 1275 feci
636 1249 793 1287 prorsus
813 1236 935 1275 simile
963 1236 1017 1274 illi
1037 1236 1166 1286 primae
1197 1236 1356 1274 editioni
1375 1236 1542 1282 Aldinae,
1565 1249 1641 1286 qua

199 1297 258 1334 usi
288 1304 378 1334 sunt
397 1296 634 1348 Obsopoeus.
661 1297 947 1349 Mounteneyus
966 1304 1006 1335 et
1025 1297 1230 1349 Taylorus.
1261 1304 1303 1334 ut
1328 1297 1481 1334 dubium
1515 1310 1642 1342 omne,

197 1371 274 1408 quo
294 1366 407 1398 antea
425 1360 613 1410 agitabat,
632 1359 681 1397 de
701 1360 853 1410 gemina
868 1359 957 1398 Aldi
976 1359 1112 1398 eodem
1128 1372 1229 1397 anno
1249 1360 1350 1397 sacta
1368 1359 1642 1397 Demosthenis

196 1420 364 1459 editione
383 1421 474 1458 mihi
489 1421 570 1472 jam
589 1427 795 1466 exemtum,
809 1421 938 1472 reique
955 1420 1108 1466 veritas,
1121 1419 1214 1458 meis
1233 1419 1356 1458 oculis
1377 1420 1553 1465 testibus,
1575 1420 1643 1458 de-

196 1488 407 1520 monstrata
435 1488 474 1520 et
504 1488 614 1519 extra
639 1481 936 1520 controversiam
965 1481 1092 1532 posita
1121 1480 1183 1518 sit.
1238 1480 1472 1518 Praeclarum
1503 1488 1576 1527 est,
1605 1489 1644 1519 et

195 1544 330 1594 magni
357 1556 380 1582 a
400 1557 458 1582 me
479 1545 533 1590 fit,
553 1544 657 1594 quod
674 1544 890 1595 exemplum
915 1543 1186 1582 Demosthenis
1206 1543 1336 1581 Aldini
1363 1556 1488 1581 meum
1515 1550 1641 1582 teneat

196 1605 334 1643 eodem
355 1605 546 1644 volumine
564 1604 788 1644 conclusum
805 1605 1012 1656 Ulpianum
1027 1617 1178 1655 quoque
1193 1611 1232 1642 et
1252 1605 1441 1655 Harpocr.
1473 1605 1640 1643 Lexicon

195 1665 242 1703 ab
271 1666 372 1705 Aldo
393 1667 528 1706 eodem
547 1679 648 1705 anno
668 1667 824 1706 editum.
882 1666 1151 1705 Distinctionis
1186 1678 1304 1704 causa
1322 1666 1537 1717 exemplum
1560 1666 1640 1705 Ob-

195 1739 325 1777 sopoeo
344 1734 583 1779 usurpatum,
597 1727 777 1766 Aldinam
796 1727 1060 1778 antiquiorem,
1080 1727 1256 1773 alterum,
1268 1730 1377 1775 quus
1393 1727 1520 1765 adhuc
1532 1727 1642 1779 plura

196 1795 402 1838 supersunt
428 1788 467 1826 in
494 1789 736 1827 bibliothecis
763 1788 952 1840 exempla,
978 1789 1081 1826 illam
1115 1788 1411 1825 emendatiorem
1437 1795 1546 1838 puta,
1576 1802 1641 1839 po-

195 1850 390 1888 steriorem
409 1850 625 1902 appellabo.
680 1850 822 1902 Repeti
855 1862 1007 1901 quoque
1038 1849 1076 1886 in
1104 1849 1200 1887 libro
1228 1848 1472 1886 Weimarano
1499 1849 1639 1887 subob-

196 1924 310 1950 scura
330 1911 446 1963 hujus
480 1912 652 1963 ejusdem
682 1912 734 1949 rei
755 1911 930 1963 vestigia.
986 1910 1089 1948 Nam
1107 1924 1146 1962 p.
1173 1912 1265 1948 543.
1280 1910 1318 1947 9.
1337 1909 1399 1948 ed.
1420 1909 1542 1947 Paris.
1557 1909 1640 1948 haec

199 1971 318 2021 reperi
336 1972 375 2009 in
392 1972 638 2011 Weimarana
656 1973 798 2012 Aldina
824 1979 1010 2011 annotata
1030 1972 1079 2010 ad
1098 1985 1137 2022 p.
1158 1974 1222 2010 57.
1245 1973 1308 2011 36.
1331 1972 1376 2009 T.
1399 1972 1452 2008 ΙΙ.
1481 1971 1544 2010 ed.
1566 1972 1635 2009 Al-

196 2032 312 2079 dinae,
332 2033 396 2072 ubi
415 2041 476 2072 est
493 2034 530 2071 in
555 2035 729 2085 exemplo
750 2034 948 2086 posteriori
969 2034 1186 2084 ἑτεροπλοίω
1205 2033 1288 2071 haec
1313 2047 1336 2071 a
1361 2047 1475 2072 manu
1506 2046 1635 2072 recen-

194 2095 304 2133 tiore.
359 2096 593 2147 (ἑπεροπλόῳ.
620 2095 658 2132 in
684 2108 741 2146 pr.
767 2095 828 2134 ed.
848 2095 907 2134 ἐπ.
927 2094 1051 2146 πλείῳ.
1071 2094 1138 2132 sed
1167 2107 1205 2145 p.
1224 2094 1343 2132 voluit
1369 2095 1510 2146 πλοίῳ.)
1563 2094 1640 2133 Sed

197 2168 356 2194 necesse
381 2162 440 2194 est
464 2164 507 2194 ut
526 2155 647 2201 illum,
666 2156 888 2208 quicunque
907 2156 990 2202 fuit,
1018 2156 1082 2207 qui
1101 2156 1177 2193 ista
1194 2155 1403 2199 annotavit,
1423 2154 1558 2193 oculus
1587 2155 1641 2193 fe-

197 2217 350 2255 fellerit.
384 2230 471 2256 nam
505 2217 541 2254 in
563 2215 711 2255 Aldina
728 2231 813 2255 mea
837 2224 896 2255 est
916 2219 1113 2268 ἑτεροπλίῳ
1124 2219 1205 2267 (per
1225 2217 1332 2263 iota.)
1386 2216 1498 2253 Patet
1515 2225 1642 2255 tamen

197 2291 284 2316 eum
305 2278 411 2329 siglis
439 2278 515 2316 illis
545 2292 603 2327 pr.
623 2279 677 2316 ed.
698 2277 897 2329 designare
921 2277 1088 2316 voluisse
1116 2277 1274 2327 primam
1296 2277 1390 2314 Aldi
1419 2276 1640 2315 editionem.

197 2339 287 2390 quid
310 2345 435 2377 autem
450 2352 491 2388 p.
511 2338 721 2376 solitarium
738 2339 793 2376 sic
813 2338 980 2388 positum
993 2337 1064 2375 sibi
1080 2336 1183 2383 velit,
1201 2336 1306 2375 haud
1323 2337 1509 2387 intelligo.
1554 2338 1639 2375 Pari

196 2400 324 2445 modo,
351 2400 399 2438 ad
420 2400 564 2446 locum,
583 2399 649 2450 qui
666 2400 705 2437 in
721 2399 894 2438 Parisina
913 2412 950 2450 p.
972 2401 1064 2445 553,
1083 2401 1148 2438 23.
1168 2399 1323 2448 legitur,
1340 2398 1422 2437 haec
1443 2399 1561 2450 reperi
1586 2400 1636 2438 ab

195 2461 329 2499 eadem
355 2460 566 2498 recentiore
585 2473 699 2498 manu
719 2467 912 2506 annotata,
943 2473 1029 2511 quse
1049 2473 1125 2498 non
1156 2461 1339 2511 intelligo.
1359 2464 1432 2511 (pr.
1453 2463 1537 2511 περὶ
1564 2474 1637 2498 em.

196 2529 238 2560 ut
257 2521 443 2574 hic.)1non
459 2527 584 2572 potest
603 2521 698 2567 fieri,
719 2522 809 2572 quin
828 2528 922 2560 nota
936 2536 995 2571 pr.
1014 2521 1221 2560 editionem
1235 2521 1324 2558 Aldi
1339 2521 1509 2571 primam,
1528 2534 1639 2559 voca-

195 2583 286 2622 bulo
311 2583 368 2620 hic
387 2588 514 2621 autem
538 2582 746 2621 secundam
767 2583 995 2634 designarit:
1028 2597 1117 2621 nam
1137 2584 1174 2620 in
1201 2596 1258 2628 ea,
1278 2595 1355 2633 qua
1373 2595 1393 2618 e
1413 2582 1639 2621 bibliotheca

195 2644 360 2683 civitatis
381 2644 587 2695 Lipsiensis
607 2658 700 2684 usus
721 2658 820 2691 sum,
841 2654 880 2683 et
909 2658 994 2697 quae
1025 2645 1161 2683 eadam
1190 2652 1247 2682 est
1271 2656 1357 2682 cum
1378 2643 1635 2690 Weimarana,

195 2706 335 2757 legitur
366 2705 432 2744 illo
462 2718 573 2744 versu
607 2706 666 2744 bis
690 2707 900 2757 παρά,ῐιοιι
929 2710 1022 2758 περί.
1079 2706 1128 2744 Et
1155 2712 1355 2743 annotator
1387 2704 1448 2742 ille
1470 2705 1637 2744 Weima-

195 2780 312 2807 remus
341 2768 497 2807 codices
528 2781 617 2807 suos
643 2776 764 2807 mstos
792 2781 868 2806 non
898 2768 1095 2806 vocabulis
1124 2782 1182 2817 pr.
1209 2780 1277 2806 sec.
1307 2773 1392 2805 tert.
1413 2768 1477 2805 sed
1499 2768 1639 2819 ciphi-is

198 2830 232 2867 1.
255 2831 292 2866 2.
313 2830 350 2867 3.
372 2828 576 2880 designare
595 2830 808 2868 consuevit.
865 2830 908 2866 In
930 2842 1016 2868 meo
1035 2829 1214 2880 exemplo
1235 2828 1384 2867 Aldinae
1403 2829 1560 2868 dubium
1580 2838 1639 2868 est

196 2890 285 2941 quid
303 2890 476 2942 primitus
504 2891 555 2930 ibi
575 2890 700 2930 fuerit.
722 2903 810 2930 nam
829 2899 887 2929 est
906 2890 1062 2942 quidem
1086 2891 1138 2928 ibi
1164 2890 1296 2940 utique
1322 2893 1401 2941 περὶ
1432 2890 1499 2928 sed
1521 2891 1574 2928 sic
1595 2900 1636 2928 ut
