1824 3171
439 205 501 246 IN
543 204 852 246 DEMOSTH.
896 205 1154 247 PHILIPP.
1199 209 1232 248 1.
1509 211 1563 253 89

112 311 246 362 pulum
275 315 407 362 ageret
437 309 875 349 Demosthenes.—-Sed
909 317 1118 361 supersunt
1146 312 1221 350 alia
1251 313 1449 362 quaedam,
1479 329 1567 366 quae

111 379 253 410 nostrae
275 371 476 410 senteutiae
499 371 621 410 minus
642 370 772 409 favere
794 371 986 420 videntur,
1010 385 1174 422 quorum
1204 373 1369 423 primum
1397 376 1470 414 hoc
1492 385 1566 423 est,

111 434 217 483 quod
249 446 366 483 quum
399 433 485 470 haec
516 432 643 470 oratio
674 433 724 470 sit
754 432 887 471 habita
914 441 1006 483 post
1039 434 1258 485 Olynthum
1288 444 1566 486 expugnatam,

110 494 225 543 hujus
254 494 307 531 rei
336 494 442 532 nulla
472 493 539 531 fiat
572 494 729 532 mentio.
788 495 840 532 At
873 507 993 544 quum
1024 495 1321 534 Atheniensium
1353 497 1472 534 animi
1505 499 1569 537 illa

107 554 221 593 facile
241 561 486 592 moverentur
505 561 545 593 et
563 556 823 602 occasionem,
841 569 959 606 quam
976 570 996 595 e
1018 557 1195 595 manibus
1216 558 1466 605 dimisissent,
1489 573 1528 598 se
1546 574 1568 598 a

108 615 280 666 Philippi
301 616 473 654 dominio
494 616 698 662 liberandi,
722 630 825 668 aegre
846 618 883 655 iu
906 618 1127 656 memoriam
1149 627 1391 666 revocarent,
1413 621 1569 659 videtur

107 684 238 716 orator
263 679 442 716 consulto
473 679 638 729 Olynthi
670 679 907 717 mentionem
938 680 1258 730 praetermisisse3
1291 682 1367 719 hoc
1388 682 1446 720 vel
1475 682 1567 721 inde

107 741 265 792 probari
285 741 440 792 poterit,
463 741 587 792 quod,
611 755 689 793 quo
709 742 798 781 loco
825 745 873 790 (ξ.
894 741 968 792 ιδ’.)
994 756 1058 780 eas
1081 750 1283 781 enumeret
1312 744 1504 794 regiones,
1526 744 1566 782 in

107 816 203 854 quas
235 803 442 854 Philippus
472 803 674 856 irrumpat,
696 804 912 853 Olynthum
945 804 1111 850 omittat,
1134 818 1358 856 quanquam
1379 810 1410 854 ξ.
1431 808 1475 851 ζ’.
1503 807 1566 845 iis-

105 863 194 904 dem
215 865 452 916 regionibus,
475 879 572 916 quas
593 870 623 914 ξ.
643 866 697 905 ιδ’.
718 866 845 912 affert,
868 866 988 905 addat
1008 868 1122 905 etiam
1146 867 1378 919 Olynthum.
1433 868 1565 912 Quare

106 941 186 978 quo
217 934 389 978 tempore
410 930 530 967 verba
559 929 702 979 capitis
732 933 763 977 ξ.
784 930 829 973 ζ’.
862 929 967 967 dicta
996 935 1098 974 sunt,
1121 928 1186 966 illa
1208 929 1299 967 urbs
1321 929 1425 967 haud
1446 929 1564 968 dubie

105 990 278 1028 nondum
308 990 381 1028 suit
410 998 643 1042 expugnata,
670 999 710 1029 at
742 992 940 1037 memoria,
962 991 1011 1029 ad
1041 1004 1159 1042 quam
1187 992 1345 1029 alteram
1377 992 1564 1030 orationis

104 1059 270 1102 partem,
303 1052 340 1090 in
370 1066 446 1103 qua
476 1054 577 1092 inest
605 1058 636 1100 ξ.
659 1054 730 1099 ιδ’.,
757 1054 945 1100 retuleris,
974 1054 1191 1105 Olynthum
1223 1053 1478 1092 existimanda
1506 1060 1565 1092 est

105 1116 282 1154 manibus
305 1115 475 1167 Philippi
498 1116 676 1154 traditam
699 1116 854 1155 vidisse.

158 1179 297 1230 Neque
319 1179 433 1216 etiam
459 1178 779 1228 Harpocrationis
807 1184 847 1215 et
881 1177 1033 1215 Libanii
1063 1177 1276 1216 auctoritas
1307 1183 1415 1216 tauta
1443 1183 1502 1216 est
1530 1177 1569 1215 in

101 1241 175 1279 hac
195 1254 251 1286 re,
269 1247 310 1280 ut
327 1246 478 1279 certum
498 1254 545 1278 ex
565 1241 717 1278 illorum
733 1239 956 1278 testimonio
977 1246 1247 1289 argumentum
1270 1240 1349 1291 peti
1370 1240 1495 1290 possit
1515 1241 1564 1278 ad

100 1307 272 1341 nostram
292 1302 524 1340 seutentiam
546 1301 882 1339 labefactandam:
914 1302 1010 1339 alter
1030 1301 1135 1339 enim
1155 1302 1228 1339 sub
1250 1314 1345 1340 voce
1365 1302 1444 1352 ispa*
1466 1303 1565 1353 τριὴ-

99 1381 164 1416 ρης
183 1364 284 1402 hanc
306 1363 524 1400 orationem
543 1369 659 1400 vocat
680 1369 857 1412 quartam
878 1363 1153 1414 philippicam,
1168 1364 1299 1413 itaque
1320 1364 1484 1402 eandem
1505 1364 1562 1402 fa-

101 1424 157 1462 cit
185 1437 274 1462 cum
299 1437 361 1469 ea,
381 1436 496 1473 quam
517 1423 633 1472 vulgo
665 1424 825 1473 primam
848 1424 1038 1463 dicimus:
1068 1426 1166 1463 alter
1186 1439 1278 1463 vero
1297 1433 1565 1476 argumentum

101 1485 216 1536 hujus
236 1485 437 1530 orationis,
453 1484 559 1534 quod
582 1485 716 1534 paullo
729 1491 821 1535 post
836 1492 1035 1536 sequetur,
1053 1486 1106 1523 ita
1122 1486 1343 1533 adumbrat,
1355 1494 1400 1525 ut
1419 1494 1566 1537 pateat,

101 1548 209 1585 illum
231 1553 435 1596 utramque
456 1546 569 1595 hujus
590 1546 774 1584 orationis
795 1553 943 1596 partem
963 1560 1076 1584 unam
1099 1547 1296 1585 habuisse.
1341 1548 1428 1585 Jam
1450 1548 1480 1585 si
1499 1548 1565 1586 illo

102 1616 274 1661 tempore
294 1612 345 1658 (a.
361 1612 452 1648 314.
474 1621 514 1659 p.
536 1608 638 1656 Ch.>‚
659 1621 738 1659 quo
761 1609 799 1646 hi
817 1608 888 1646 viri
908 1609 1099 1654 vixerunt,
1122 1609 1245 1647 altera
1264 1609 1451 1647 orationis
1472 1623 1564 1660 pars

98 1672 155 1711 ita
176 1685 263 1710 cum
278 1671 401 1709 altera
421 1670 622 1716 coaluerit,
642 1677 683 1708 ut
704 1684 780 1708 una
798 1671 1007 1709 haberetur
1028 1671 1113 1709 haec
1134 1670 1273 1716 oratio,
1292 1671 1387 1721 quid
1409 1672 1563 1718 mirum,

101 1733 208 1785 quod
234 1740 372 1772 neuter
398 1745 530 1771 eorum
558 1732 695 1770 harum
725 1732 893 1782 partium
924 1732 1072 1770 faceret
1102 1732 1341 1772 discrimen?
1385 1733 1460 1771 Sed
1487 1746 1565 1784 quo

98 1795 220 1834 modo
241 1795 301 1834 hae
323 1794 412 1833 duae
431 1800 562 1844 partes
592 1794 630 1831 in
661 1807 778 1832 unum
813 1800 902 1832 sunt
922 1794 1240 1844 conglutinatae‘!
1289 1794 1363 1841 lta,
1393 1794 1424 1831 si
1458 1801 1565 1833 recte

98 1857 238 1896 sentio.
291 1857 427 1901 Quum
447 1856 553 1906 prior
573 1856 673 1894 illius
696 1857 882 1895 orationis
904 1870 994 1908 pars
1015 1855 1192 1894 finiretur
1211 1857 1390 1907 pecuniae
1413 1857 1563 1896 ratione

99 1920 229 1970 (πόρου
247 1917 461 1968 ἀπόδειξις),
481 1917 698 1968 eademque
720 1919 839 1957 verba
859 1925 988 1957 essent
1017 1917 1180 1969 praefixa
1208 1918 1419 1969 posteriori
1447 1920 1563 1969 parti,

100 1980 192 2018 inde
211 1979 263 2017 ab
283 1993 331 2018 eo
357 1986 546 2030 tempore,
569 1993 648 2029 quo
678 1980 804 2018 oratio
824 1980 924 2017 Phil.
947 1981 978 2019 Ι.
1000 1987 1088 2030 post
1111 1979 1263 2019 tertiam
1284 1980 1560 2031 Olynthiacam

101 2040 382 2086 collocabatur,
403 2054 450 2079 eo
470 2040 621 2079 facilius
639 2041 699 2079 hae
721 2047 850 2092 partes
870 2042 1110 2088 coaluerunt,
1126 2055 1204 2092 quo
1225 2042 1346 2093 magis
1366 2042 1469 2092 quis,
1483 2056 1563 2094 quo

100 2103 224 2154 prima
247 2103 405 2141 referret
427 2103 559 2149 verba,
581 2103 834 2142 desideraret.

155 2166 254 2204 Haec
283 2165 362 2204 fere
393 2165 610 2211 habuimus,
641 2165 783 2216 quibus
818 2170 990 2204 nostram
1026 2164 1283 2203 stabiliremus
1317 2166 1561 2206 sententiam.

96 2227 336 2278 Quanquam
352 2228 454 2266 enim
476 2227 602 2277 primo
618 2227 864 2278 propositum
881 2226 969 2273 fuit,
989 2232 1030 2264 ut
1049 2226 1236 2265 rationem
1258 2226 1450 2278 vulgatam
1467 2240 1561 2279 pro-

95 2288 293 2335 baremus,
313 2295 443 2327 tamen
464 2302 542 2339 quo
564 2289 706 2339 saepius
735 2288 834 2326 hanc
855 2301 935 2326 rem
964 2288 1002 2326 in
1026 2287 1220 2338 judicium
1240 2288 1492 2335 vocabamus,
1512 2302 1560 2328 eo

98 2349 342 2400 probabilior
358 2363 421 2396 ea,
440 2363 557 2403 quam
577 2351 665 2389 tuiti
686 2363 829 2397 sumus,
847 2350 1039 2389 sententia
1059 2350 1142 2389 visa
1159 2356 1232 2389 est.
1277 2349 1355 2388 Sed
1374 2350 1558 2401 quoniam

93 2422 177 2449 non
197 2422 257 2458 ec,
277 2423 357 2463 quo
377 2411 502 2449 visum
521 2418 595 2459 est,
617 2412 704 2450 loco
729 2412 814 2450 illas
844 2417 974 2462 partes
994 2411 1273 2463 disposuimus,
1299 2424 1459 2450 necesse
1487 2418 1560 2458 est,

99 2477 156 2519 ut,
187 2486 308 2523 quum
334 2480 605 2523 argumentum
634 2473 751 2525 hujus
781 2474 966 2513 orationis
996 2473 1267 2513 adumbraturi
1298 2486 1444 2522 sumus»,
1470 2486 1556 2512 eam

93 2539 224 2573 *totam
243 2535 561 2587 complectamur.
