1824 3171
555 184 636 223 AD
677 179 1143 223 DEMOSTHENEM.
1464 181 1579 220 clxvii

134 294 358 335 Lutetiana.
377 289 500 343 prima
525 287 751 326 varietatem
778 286 954 326 lectionis
985 286 1156 332 exhibet,
1175 298 1260 336 quae
1280 290 1337 323 est
1352 284 1392 322 in
1411 285 1583 324 editione

135 357 342 397 Lutetiana
360 354 408 391 ab
428 349 635 388 Wolfiana.
654 349 831 400 procedit
859 349 944 386 haec
971 362 994 387 a
1013 362 1049 399 p.
1074 351 1161 386 159.
1187 347 1237 385 ad
1259 348 1346 387 174.
1373 347 1493 384 altera
1520 361 1584 385 ac-

136 418 256 457 cessio
284 416 338 454 sic
357 419 416 452 est
434 411 618 462 inscripta
642 410 757 448 modo
782 411 1016 461 perobscuro
1039 417 1078 448 et
1099 409 1232 447 dubio:
1264 408 1378 446 variae
1396 408 1586 446 lectiones

136 488 176 519 et
203 485 302 517 notae
330 476 368 513 in
399 473 591 512 orationes
612 472 885 510 Demosthenis
918 485 940 509 e
970 472 1180 510 Lutetiano
1210 469 1345 509 codice
1374 479 1587 520 excerptae.

138 541 235 579 Sunt
268 538 461 577 enimvero
492 535 554 573 hae
580 534 672 571 nihil
705 534 809 571 aliud
840 546 956 585 quam
986 534 1064 579 ille,
1097 546 1209 584 quem
1238 531 1434 583 appellare
1466 531 1586 576 soleo,

133 601 282 639 indicem
298 598 474 643 Lambini,
497 597 545 634 de
561 609 636 647 quo
658 608 794 646 supra;
822 595 886 645 qui
905 595 944 632 in
964 595 1110 633 calcem
1128 594 1306 632 editionis
1320 592 1586 630 Lambinianae

134 665 299 710 rejectus
327 668 398 699 est.
427 658 645 710 procedunt
677 657 738 694 hae
767 669 790 694 a
817 670 852 706 p.
872 658 962 698 175.
981 657 1031 694 ad
1054 658 1143 698 177.
1172 657 1210 693 A
1230 670 1268 706 p.
1290 657 1377 695 178.
1405 654 1590 704 incipiunt

134 723 248 761 variae
267 722 452 760 lectiones
473 720 616 759 codicis
637 718 859 768 Augustani
877 718 1162 756 membranacei
1181 717 1279 754 illius
1299 715 1459 767 egregii,
1477 727 1592 765 quem

131 786 288 835 primum
318 783 513 835 appellare
545 781 663 818 soleo.
720 780 841 830 Cujus
871 779 1070 817 historiam
1098 791 1380 829 cognoscamus
1413 790 1434 814 e
1453 777 1593 827 praefa-

135 847 240 884 tione
253 845 385 883 Wolfii
405 844 454 882 ad
470 856 546 889 eaS‚
564 855 680 894 quam
698 848 820 879 totam
840 841 917 879 huc
936 842 1262 886 transscriberem‚
1280 841 1310 878 si
1325 847 1492 878 vacaret.
1511 846 1593 876 tum

137 907 353 959 procedunt
367 906 442 943 illae
458 905 645 943 lectiones
664 906 904 954 Augustanae
923 917 946 941 a
964 917 1002 955 p.
1020 905 1096 944 179
1113 903 1162 941 ad
1177 905 1265 942 192.
1284 902 1531 953 praescriptus
1551 900 1595 938 iis

139 976 200 1007 est
218 969 282 1006 hic
302 968 435 1006 titulus
452 980 461 1005 ε
482 968 631 1004 diversa:
646 967 813 1003 lectiones
833 979 875 1002 ex
894 966 1120 1016 Augustanus
1139 965 1193 1002 rei
1208 965 1358 1013 publica:
1378 964 1594 1000 bibliothecae

140 1032 258 1067 codice
294 1030 536 1067 vetustissimo
570 1027 752 1065 industria
785 1027 844 1065 M.
866 1027 1022 1064 Simonis
1052 1028 1226 1072 Fabricii,
1261 1026 1595 1075 Marcopibertani‚

141 1092 276 1128 Franci
294 1092 487 1141 diligenter
504 1090 711 1128 observatae.
768 1089 1009 1140 Interspersa
1027 1096 1116 1128 sunt
1135 1089 1363 1127 lectionibus
1380 1088 1597 1138 Augustani

133 1152 284 1200 judicia
304 1152 354 1189 de
373 1151 475 1201 ipsis,
501 1150 693 1187 interdum
724 1157 764 1187 et
795 1152 1047 1200 conjecturae,
1074 1150 1156 1188 sine
1186 1158 1358 1187 auctore.
1390 1162 1507 1199 penes
1537 1161 1599 1186 me

140 1220 270 1250 tamen
290 1219 438 1250 certum
459 1217 516 1248 est
535 1223 592 1256 ea,
621 1223 698 1247 non
717 1223 741 1248 a
762 1210 854 1249 Sim.
877 1211 1062 1256 Fabricio,
1084 1211 1155 1248 sed
1174 1211 1221 1248 ab
1247 1211 1331 1261 ipso
1349 1210 1494 1247 Wolfio
1514 1222 1600 1248 esse

141 1275 330 1327 profecta.
351 1274 515 1310 Videtur
535 1285 688 1323 quoque
705 1272 818 1310 Wolf
839 1273 1027 1311 selectum
1046 1273 1186 1311 fecisse
1206 1272 1354 1310 illarum
1373 1272 1599 1318 lectionum,

142 1350 221 1374 non
247 1349 392 1381 omnes,
412 1347 507 1385 quas
536 1334 734 1372 Fabricius
767 1335 803 1373 ei
829 1335 1060 1381 tradidisset,
1090 1336 1321 1387 publicasse.
1380 1335 1460 1372 Sed
1483 1335 1601 1372 vehe-

142 1406 294 1436 menter
314 1398 353 1434 in
380 1397 446 1434 illo
467 1397 624 1434 delectu
642 1396 831 1448 peccavit.
851 1397 969 1435 multa
998 1397 1112 1435 etiam
1144 1397 1254 1435 aliter
1280 1396 1463 1448 prodidit,
1485 1404 1604 1447 atque

143 1460 184 1497 in
208 1461 292 1511 ipso
323 1459 460 1498 codice
488 1459 628 1509 reperi.
686 1458 763 1496 Sed
783 1459 858 1496 hac
877 1459 925 1496 de
945 1472 988 1497 re
1007 1459 1124 1510 paulo
1142 1466 1228 1510 post
1245 1459 1430 1510 pluribus.
1475 1457 1599 1495 Perti-

143 1530 213 1561 net
231 1523 308 1560 huc
327 1522 442 1560 etiam
471 1521 567 1558 alius
588 1521 694 1558 locus
715 1534 736 1558 e
752 1521 883 1558 Wolfii
904 1520 1150 1559 dedicatione
1170 1521 1287 1559 totius
1309 1520 1435 1571 operis
1456 1520 1602 1556 Demo-

145 1584 323 1630 sthenici‚
342 1597 382 1634 p.
411 1586 451 1621 4«.
506 1581 625 1620 Nunc
646 1582 695 1620 ad
714 1589 834 1620 mstos
865 1583 1019 1621 codices
1044 1584 1176 1627 redeo,
1198 1583 1420 1623 ait.—-Quae
1440 1581 1604 1618 Wolfius

146 1645 210 1684 hic
229 1646 282 1683 ait
303 1645 351 1682 de
369 1643 486 1682 literis
509 1643 609 1681 illius
642 1643 786 1681 codicis
815 1644 967 1682 minutis
999 1652 1038 1683 et
1068 1644 1247 1689 exoletis,
1272 1657 1368 1694 quas
1399 1650 1516 1693 negat
1542 1642 1604 1680 vel

147 1706 327 1745 adhibitis
352 1705 520 1756 specillis
547 1705 767 1755 perspicere
799 1718 841 1742 se
872 1706 1056 1756 potuisse,
1077 1719 1154 1743 non
1176 1718 1332 1756 possum
1354 1704 1444 1741 satis
1464 1703 1606 1741 mirari.

148 1768 253 1806 Nolo
273 1767 449 1818 equidem
464 1766 633 1804 frontem
653 1769 734 1814 ejus
755 1779 953 1804 accusare.
975 1767 1030 1804 vir
1044 1768 1230 1805 honestus
1249 1779 1325 1803 non
1345 1765 1496 1802 videtur
1515 1765 1607 1802 data

149 1836 268 1880 opera
300 1828 479 1866 mentitus
513 1841 610 1873 esse,
645 1828 848 1877 sciensque
879 1828 1076 1867 fefellisse.
1133 1828 1424 1872 Verumtamen,
1455 1827 1486 1864 si
1513 1839 1607 1865 vera

149 1892 248 1929 dixit
266 1891 345 1929 h.l.
366 1889 545 1934 WVolfius,
564 1903 625 1926 nae
644 1897 796 1940 oportet
827 1904 916 1929 eum
945 1904 1057 1942 paene
1088 1903 1234 1928 caecum
1265 1889 1398 1927 fuisse.
1454 1888 1610 1926 Velleni

148 1952 330 2003 equidem
350 1964 482 1989 omnes
502 1950 656 1988 codices
677 1951 1017 1999 Demosffienicos,
1044 1965 1140 2002 quos
1169 1958 1336 1989 tractare
1366 1950 1456 1987 mihi
1483 1950 1609 1995 licuit,

150 2021 229 2051 tam
248 2013 430 2064 pulchris,
452 2020 532 2050 tam
563 2012 789 2063 perspicuis,
820 2022 899 2051 tarn
930 2014 1140 2064 grandibus
1166 2013 1297 2058 literis,
1328 2019 1404 2050 tam
1431 2011 1546 2061 plane
1567 2019 1608 2049 et

153 2075 354 2125 explicate,
387 2073 467 2111 sine
497 2073 786 2120 abbreviaturis,
808 2076 969 2126 scriptos
989 2075 1119 2120 fuisse,
1143 2082 1258 2125 atque
1286 2074 1350 2112 hic
1381 2080 1440 2111 est
1472 2075 1610 2124 Augu-

151 2144 282 2179 stanus
302 2135 470 2174 omnium
491 2135 667 2185 optimus.
695 2135 852 2182 Literae,
871 2137 1007 2187 quibus
1028 2143 1202 2174 exaratus
1221 2136 1285 2173 ille
1306 2144 1376 2182 est,
1394 2136 1609 2187 quadruplo

152 2201 315 2246 majores
346 2204 448 2241 sunt,
482 2203 598 2247 atque
631 2205 718 2234 sunt
746 2197 866 2235 literae
895 2197 1083 2235 Bavarici.
1158 2198 1301 2236 Forma
1330 2205 1369 2235 et
1397 2198 1610 2248 proceritas

152 2260 362 2304 literarum,
382 2265 559 2308 totusque
578 2258 729 2296 habitus
750 2259 968 2309 scriptionis
987 2272 1140 2310 prorsus
1161 2266 1219 2296 est
1242 2259 1374 2297 similis
1395 2259 1610 2310 scripturae,

153 2334 230 2371 qua
248 2326 428 2358 exaratus
449 2325 509 2356 est
529 2319 657 2357 codex
685 2321 1015 2366 membranaceus,
1043 2321 1146 2358 unde
1168 2321 1411 2358 Constantini
1431 2321 1609 2372 Porphy-

154 2381 320 2432 rogeniti
338 2381 604 2419 ceremoniale
625 2381 883 2433 Byzantinum
903 2389 990 2433 post
1009 2382 1214 2420 Leichium
1244 2382 1359 2427 edidi,
1380 2384 1490 2432 cujus
1516 2382 1611 2420 scri-

156 2451 281 2495 pturae
310 2441 507 2493 specimen
533 2455 581 2480 ex
609 2456 686 2481 aere
718 2443 856 2481 caelato
883 2456 1107 2495 expressum
1135 2449 1294 2494 prostat.
1353 2443 1493 2481 Similis
1519 2443 1614 2480 item

157 2513 216 2544 est
245 2504 504 2556 pentateucho
525 2503 767 2542 bibliothecae
800 2512 939 2543 nostrae
972 2505 1159 2551 Paulinae,
1191 2508 1298 2553 cujus
1332 2505 1527 2555 specimen
1562 2504 1612 2541 cl.

157 2568 359 2606 Fischerus
379 2565 511 2604 edidit.
569 2565 754 2617 Superest
782 2567 909 2605 adhuc
936 2566 1000 2605 ille
1029 2567 1158 2605 codex
1180 2567 1369 2617 Augustae
1390 2566 1613 2603 Vindelico-

159 2642 256 2673 rum.
311 2627 498 2678 Inspiciat
524 2627 738 2678 cuicunque
767 2628 880 2679 copia
904 2627 1131 2679 inspiciendi
1161 2628 1244 2675 erit,
1269 2627 1414 2665 videbit
1439 2635 1524 2664 uter
1542 2640 1612 2664 no-

160 2698 293 2735 strum,
310 2688 476 2725 Wolfius
504 2701 552 2725 an
572 2701 659 2738 eg0‚
680 2701 812 2726 verum
839 2689 990 2727 dixerit.
1047 2689 1206 2727 Utinam
1235 2688 1430 2740 specimen
1459 2686 1613 2738 aliquod

160 2752 260 2790 illius
289 2751 432 2790 codicis
459 2750 625 2789 fideliter
650 2751 793 2789 chartae
818 2751 906 2789 oleo
926 2751 1083 2789 imbutae
1111 2751 1335 2802 inscriptum
1367 2750 1612 2788 sumsissem!

167 2813 246 2851 Sed
272 2812 355 2862 ipse
385 2811 607 2849 nesciebam
637 2812 737 2849 hanc
769 2819 891 2850 artem
916 2811 1053 2850 ductus
1078 2812 1275 2851 literarum
1296 2812 1350 2849 ita
1377 2809 1614 2862 excipiendi,

165 2874 371 2925 parcebam
401 2873 536 2918 oculis,
567 2873 795 2911 festinabam
827 2874 1003 2912 codicem
1033 2887 1147 2925 quam
1178 2874 1340 2925 primum
1370 2873 1421 2910 ad
1441 2872 1612 2909 dominos

166 2934 371 2980 remittere,
390 2947 504 2985 quem
524 2947 663 2973 annum
682 2947 792 2986 paene
818 2948 934 2986 penes
964 2948 1026 2975 me
1055 2935 1288 2982 habuissem,
1319 2935 1496 2972 nolebam
1526 2945 1615 2970 eum
