1824 3171
451 173 531 212 AD
563 170 725 210 SUUM
754 169 1050 209 DEMOSTH.
1082 169 1364 209 PRAEFATT.
1551 170 1644 209 lxvii

183 277 283 316 blice
296 282 335 316 et
347 276 521 328 privatim
536 273 765 321 incolumes,
778 286 825 312 ac
839 281 1026 325 perpetuo
1041 273 1238 311 florentes.
1268 271 1329 309 Ex
1342 278 1504 321 augusta
1517 279 1645 310 vestra

183 340 293 384 urbe,
321 351 433 389 quam
455 337 691 375 Ptolemaeus
711 336 966 382 Vindelicam,
988 335 1196 372 Rheticam
1225 333 1287 371 alii
1309 334 1527 383 Augustam
1566 334 1641 371 dici

182 399 324 438 volunt.
382 399 513 437 Idibus
533 397 712 448 Augusti,
732 397 851 435 natali
870 410 971 437 meo.
1029 396 1141 434 Anno
1161 395 1348 433 restitutae
1375 395 1543 433 humano
1571 409 1654 445 gc-.

182 459 264 498 neri
292 460 424 498 salutis
454 472 502 498 M.
519 472 561 498 D.
582 471 680 497 Lxx.

537 628 981 678 HIERONYMI
1019 629 1291 678 WOLFII

316 729 542 780 OEtingensis
561 732 610 770 ad
626 731 813 768 candidum
829 732 996 769 lectorem
1015 731 1052 768 in
1076 730 1226 779 Ulpiani
1244 730 1506 767 conversionem

812 800 1006 852 ProesatiO.

232 876 313 924 EN,
330 877 495 917 candide
514 879 647 925 lector,
670 879 831 917 alteram
850 879 1024 930 promissi
1044 877 1184 916 laboris
1198 884 1361 929 partem,
1378 875 1536 927 Ulpiani
1556 874 1641 914 rhe-

177 937 271 976 toris
298 952 323 976 x
352 947 391 977 et
412 951 499 977 VI11
522 940 738 978 orationum
758 940 1034 978 Demosthenis
1055 939 1347 983 enarrationem,
1371 938 1481 975 citius
1509 937 1637 983 etiarn,

177 1011 292 1049 quam
308 1014 391 1039 sum
411 1001 605 1052 pollicitus
624 1016 633 1039 ι
663 1014 758 1052 opus
778 1001 902 1039 minus
921 1002 1085 1039 sortasse
1104 1001 1209 1038 lectu
1224 999 1452 1048 Jucundum,
1473 999 1542 1036 sed
1561 1005 1640 1036 stu·

178 1062 295 1101 diosis
332 1064 654 1109 adolescentibus,
690 1071 734 1100 ut
770 1063 862 1099 mihi
900 1063 1132 1113 persuadeo,
1167 1075 1243 1099 non
1280 1061 1414 1099 inutile
1451 1060 1641 1099 futurum.

178 1125 277 1165 Quae
296 1124 410 1162 etiam
431 1125 652 1168 causa—fuit,
673 1130 714 1161 ut
742 1124 1049 1161 molestissimum
1078 1124 1248 1160 laborem
1276 1123 1382 1159 hunc
1403 1134 1542 1172 capere
1563 1135 1641 1159 non

174 1185 247 1223 sim
268 1194 460 1236 gravatuS‚
490 1194 528 1224 et
548 1200 739 1224 summum
767 1185 952 1223 devorare
982 1185 1156 1234 taedium,
1178 1184 1283 1236 quod
1301 1191 1487 1234 quantum
1507 1183 1638 1228 fuerit,

174 1248 199 1285 ii
231 1248 384 1286 demum
414 1248 648 1299 intelligent,
669 1248 734 1299 qui
765 1248 925 1286 mendas
957 1247 1087 1285 Graeci
1117 1246 1276 1292 codicis,
1305 1246 1342 1282 in
1373 1244 1531 1295 singulis
1559 1245 1643 1282 fere

172 1310 324 1360 paginis
351 1310 530 1355 infinitas,
563 1309 817 1347 observarint.
887 1309 953 1346 Ad
974 1310 1059 1346 haec
1080 1309 1160 1359 ipsa
1179 1307 1540 1345 commentariorum
1570 1319 1638 1343 na-

172 1377 259 1409 tura
278 1379 337 1410 est
356 1372 453 1418 talis,
474 1379 517 1410 ut
537 1372 691 1410 modica
711 1371 914 1422 voluptatis
937 1371 1124 1409 illecebra
1142 1371 1314 1408 laborem
1335 1376 1374 1407 et
1394 1368 1640 1418 defatigatio-

172 1446 265 1471 nem
288 1434 419 1472 levent
446 1434 677 1485 interpretis,
699 1434 852 1472 tametsi
886 1433 1185 1472 emendatissimi
1215 1438 1365 1470 essent:
1397 1438 1435 1468 et
1455 1437 1499 1468 ut
1518 1430 1641 1467 lecto-

174 1507 257 1533 rem
289 1495 499 1545 requirant,
534 1495 818 1533 difficultatibus
852 1496 1040 1546 aliquibus
1074 1493 1313 1544 intelligendi
1346 1492 1464 1544 ipsius
1499 1490 1643 1530 autoris

172 1555 475 1594 conflictantem.
533 1558 630 1599 Quae
651 1569 709 1594 res
738 1570 815 1594 una
833 1557 915 1595 fere
934 1557 1040 1602 facit,
1063 1564 1116 1603 ut,
1139 1569 1224 1607 quae
1244 1568 1314 1606 per
1334 1567 1374 1591 se
1396 1553 1505 1591 utilia
1532 1560 1635 1598 sunt,

173 1629 252 1658 non
272 1617 388 1654 modo
406 1618 502 1655 citra
516 1617 724 1664 fastidium,
748 1617 816 1655 sed
837 1632 976 1669 magna
996 1618 1112 1657 etiam
1133 1630 1220 1656 cum
1242 1616 1426 1654 aviditate
1446 1615 1641 1665 legantur.

174 1676 259 1715 Etsi
279 1685 407 1716 autem
426 1692 503 1716 non
524 1679 672 1724 dubito,
705 1693 788 1717 esse
809 1680 987 1731 plurima,
1007 1687 1088 1717 tum
1109 1677 1373 1730 grammatica,
1407 1685 1488 1713 tum
1518 1684 1643 1713 orato-

172 1739 241 1784 ria,
262 1752 347 1790 quae
368 1740 561 1778 studiosus
581 1741 706 1778 lector
736 1741 919 1792 explicari
947 1741 1019 1779 sibi
1038 1740 1259 1792 diligentius
1281 1746 1320 1777 et
1345 1737 1552 1789 copiosius,
1582 1744 1639 1774 at-

171 1813 248 1851 que
275 1800 389 1838 etiam
410 1801 614 1839 dilucidius
640 1809 775 1852 optet:
804 1815 881 1840 non
909 1809 1038 1840 tamen
1068 1801 1276 1853 abjiciendi
1303 1799 1475 1838 videntur
1495 1799 1519 1835 ii
1538 1798 1638 1843 libri,

172 1861 249 1912 qui,
271 1876 358 1900 cum
379 1863 498 1900 multa
526 1863 636 1901 utilia
654 1864 891 1910 contineant,
912 1864 1090 1914 quaedam
1121 1864 1237 1901 etiam
1266 1872 1557 1912 supervacanea
1576 1859 1642 1896 ad-

172 1922 347 1970 miscent,
371 1925 548 1976 quaedam
575 1925 800 1963 necessaria
826 1932 1076 1976 praetereunt.
1133 1925 1198 1961 De
1219 1923 1356 1973 quibus
1384 1919 1639 1958 incommodis

173 1997 248 2035 ego
281 1998 433 2036 quoque
466 1986 505 2022 in
535 1986 637 2023 omni
669 1986 1035 2024 commentariorum
1067 1997 1211 2035 genere
1244 1996 1397 2020 mecum
1428 1981 1639 2032 saepissime

173 2059 336 2097 queror:
367 2054 407 2084 et
425 2054 569 2090 tamen,
590 2061 676 2084 cum
699 2048 842 2097 cogito,
859 2047 889 2083 si
909 2047 1000 2083 mihi
1020 2047 1059 2082 in
1081 2046 1221 2083 eodem
1240 2050 1466 2095 argumento
1486 2056 1640 2080 versan-

173 2107 265 2144 dum
286 2115 400 2154 esset,
429 2120 491 2144 me
512 2120 669 2158 quoque
690 2108 959 2158 praestiturum,
978 2107 1141 2144 fortasse
1171 2120 1248 2143 non
1268 2106 1370 2156 quod
1392 2105 1546 2149 vellem,
1570 2104 1640 2142 sed

173 2168 279 2220 quod
297 2181 462 2219 possem,
484 2168 633 2205 veniam
661 2168 724 2215 do,
758 2175 798 2206 et
826 2167 918 2205 boni
948 2168 1111 2205 consulo
1140 2180 1199 2213 ea,
1229 2166 1368 2218 quibus
1399 2166 1452 2202 illi
1483 2166 1638 2203 tradere

171 2229 328 2267 meliora
356 2243 431 2266 non
461 2236 682 2280 potuerunt,
744 2231 973 2280 Quanquam
995 2229 1032 2265 in
1054 2229 1131 2266 hoc
1151 2235 1282 2265 nostro
1303 2233 1521 2265 enarratore
1540 2227 1638 2275 inju-

171 2290 226 2328 ria
245 2298 478 2342 temporum,
499 2298 538 2328 et
558 2290 796 2342 quorundam
817 2290 1028 2336 temeritas,
1052 2290 1117 2341 qui
1146 2290 1185 2327 in
1204 2289 1336 2327 alienis
1355 2289 1460 2327 libris
1480 2288 1541 2326 vel
1562 2302 1640 2325 mu-

172 2352 339 2399 tilandis,
355 2353 414 2390 vel
436 2352 636 2403 augendis,
653 2352 713 2390 vel
735 2365 783 2390 ex
804 2352 1041 2390 diversorum
1063 2351 1229 2402 scriptis,
1250 2350 1363 2388 variis
1383 2350 1491 2401 quasi
1511 2357 1640 2387 cento-

171 2413 282 2452 nibus
301 2414 525 2460 sarciendis,
548 2427 700 2451 omnem
719 2414 915 2452 licentiam
938 2414 1010 2452 sibi
1031 2420 1199 2458 sumunt,
1220 2412 1428 2450 maximam
1450 2411 1640 2449 sustinere

164 2469 296 2526 'culpae
311 2482 461 2526 partem
481 2474 643 2514 videtur.
705 2475 784 2513 Sed
800 2475 837 2512 in
855 2475 929 2513 hoc
949 2488 1017 2513 suo
1036 2475 1197 2525 quisque
1212 2473 1359 2523 judicio
1375 2472 1537 2510 fruatur.
1567 2472 1639 2510 Me

174 2536 329 2587 quidem
346 2536 555 2587 Ulpianum
576 2536 716 2586 legisse
738 2550 814 2573 non
832 2536 1024 2587 poenituit,
1042 2543 1202 2587 propter
1221 2543 1261 2572 et
1279 2534 1457 2572 historias
1477 2533 1641 2571 nonnul-

172 2598 229 2636 las
248 2597 449 2642 indicatas,
471 2605 512 2636 et
530 2598 721 2635 vocabula
740 2598 930 2649 exposita,
953 2604 993 2635 et
1012 2597 1212 2635 artificium
1231 2596 1360 2634 multis
1380 2595 1417 2632 in
1437 2595 1532 2633 locis
1554 2607 1640 2632 eru-

174 2659 268 2702 dite,
288 2659 360 2696 nisi
379 2659 502 2704 fallor,
536 2659 779 2710 explicatum.
848 2659 892 2696 In
922 2658 1183 2697 convertendo
1211 2657 1368 2709 quidem
1399 2669 1559 2707 magnos
1585 2656 1640 2693 la-

173 2721 301 2766 bores,
322 2728 362 2758 et
376 2734 453 2758 non
473 2734 610 2771 parvas
631 2720 823 2758 molestias
840 2734 930 2759 cum
950 2721 1134 2772 ceperim,
1155 2718 1284 2757 nescio
1304 2725 1445 2763 tamen,
1468 2730 1516 2754 an
1536 2717 1640 2753 fece-

175 2781 247 2818 rim
267 2795 395 2833 operae
415 2782 580 2833 pretium
599 2795 608 2819 :
637 2795 715 2820 non
733 2782 838 2832 quod
858 2782 960 2833 ipsos
981 2780 1274 2819 commentarios
1294 2778 1554 2830 aspernandos
1575 2777 1642 2813 du-

176 2854 261 2879 cam
283 2842 345 2892 (de
367 2844 504 2894 quibus
531 2843 625 2894 quid
652 2843 828 2889 sentiam,
857 2843 1035 2894 exposui)
1069 2842 1139 2880 sed
1168 2841 1273 2893 quod
1305 2840 1343 2878 in
1371 2839 1415 2876 iis
1446 2845 1550 2876 tanta
1579 2843 1639 2874 est

180 2901 380 2942 difficultas
399 2905 610 2956 interpreti,
632 2912 676 2943 ut
695 2904 865 2956 superari
893 2905 996 2942 nulla
1015 2904 1162 2943 ratione
1183 2915 1298 2954 posse
1318 2901 1503 2939 videatur.
1562 2897 1641 2935 Pri-
