1824 3171
547 177 878 221 PRAEFATIO
913 179 1234 225 EDlToms.
1597 201 1619 224 v

161 303 314 364 deque
341 301 531 349 Corona
557 302 854 351 Adversariis
877 303 1135 363 Stockium,
1166 307 1212 351 in
1239 308 1419 353 caeteris
1444 309 1617 356 bonum

161 382 402 441 WVolfium,
422 385 721 448 interpretem
736 386 942 433 habetis:
978 386 1255 434 Versionem
1273 391 1425 435 tamen
1447 394 1620 452 passim

158 464 215 511 ad
243 482 409 512 novam
436 464 708 514 Editionem
727 468 864 514 velim
892 468 1165 532 intelligatis
1191 473 1553 518 accommodari.

226 547 299 594 De
335 547 573 596 Varietate
599 549 836 597 Lectionis
862 559 908 598 et
946 551 1204 608 Indicibus,
1232 554 1313 615 qui
1340 555 1387 600 in
1413 553 1620 618 comple-

157 638 363 677 mentum
398 633 553 694 operis
587 634 829 691 accedunt,
858 634 959 681 haec
985 634 1112 681 dicta
1147 644 1299 683 sunto.
1373 636 1621 685 Variantes

159 715 403 764 Lectiones
436 731 543 761 cum
575 715 733 763 labore
771 732 966 780 operoso
999 717 1155 765 denuo
1192 719 1383 783 digessi,
1410 729 1455 767 et
1489 722 1619 768 incu-

156 800 272 846 riam
305 797 512 861 Taylori,
554 815 691 861 paene
725 800 772 845 in
797 799 996 862 singulis
1034 801 1239 863 paginis,
1275 803 1450 865 saepius
1481 805 1619 850 casti-

157 883 293 945 gavi:
332 881 606 928 collationes
632 890 858 945 praeterea
884 881 1047 942 MSS„
1073 883 1183 931 hinc
1207 884 1336 932 illinc
1362 887 1546 948 petitas,
1575 889 1622 933 in

158 973 359 1012 veterem
386 964 632 1012 caudicem
654 966 855 1022 inserui3
893 974 939 1012 et
953 966 1121 1013 vellem
1141 975 1265 1013 certe
1283 967 1397 1013 mihi
1413 967 1624 1016 licuisset

159 1064 385 1110 nuperam
421 1045 694 1092 Editionem
728 1046 1033 1094 [mmanuelis
1073 1048 1276 1095 Bekkeri
1306 1049 1364 1096 de
1387 1050 1624 1099 voluntate

156 1146 419 1192 usurpasse.
493 1128 634 1175 Hunc
668 1146 776 1175 vero
811 1138 977 1176 nactus
1015 1130 1186 1187 locum,
1221 1131 1491 1178 facultatem
1529 1151 1624 1181 non

157 1213 404 1270 dimittam,
423 1213 539 1275 quin
556 1212 711 1258 dicam
732 1212 1047 1260 Parisiensem
1069 1213 1315 1273 Codicem,
1334 1232 1361 1261 a
1376 1215 1510 1262 nobis
1528 1234 1558 1280 p
1575 1221 1619 1265 9.

157 1296 409 1358 signatum,
452 1293 601 1342 nihilo
639 1296 793 1341 minus
837 1295 1031 1342 delicias
1078 1295 1281 1343 Bekkeri
1321 1314 1436 1356 esse,
1481 1317 1623 1361 quam

156 1377 490 1443 Augustanum
535 1379 739 1441 primum
787 1377 983 1426 delicias
1031 1380 1121 1442 (uti
1164 1396 1271 1426 eum
1319 1383 1625 1445 nuncupabat

158 1463 210 1510 F.
240 1462 297 1508 A.
335 1461 558 1524 Wolfius)
599 1461 795 1508 Reiskii.
869 1462 1115 1509 Indicibus
1157 1463 1365 1526 denique
1405 1482 1624 1513 numeros

158 1547 366 1594 centenis
393 1546 439 1591 in
472 1544 588 1592 locis
623 1545 854 1608 supplevi,
881 1546 929 1592 in
963 1545 1171 1592 millibus
1205 1547 1393 1593 eosdem
1422 1551 1620 1596 correxi.

158 1631 318 1694 Atque
342 1630 444 1676 haec
466 1629 705 1676 hactenus.

224 1714 297 1762 De
325 1714 727 1771 Praelectionibus,
759 1731 784 1760 e
810 1713 1010 1761 Stanleii
1046 1713 1188 1762 MSS.
1225 1718 1486 1779 exscriptis,
1524 1735 1623 1766 mo·-

159 1798 296 1851 nebo,
339 1804 385 1843 et
427 1795 566 1843 finem
605 1796 792 1843 faciam.
864 1795 1038 1844 Nullus
1084 1798 1242 1861 itaque
1286 1797 1466 1856 dubito,
1508 1802 1624 1862 quin

154 1879 320 1926 Jacobi
348 1878 550 1943 Duporti
570 1881 675 1937 sint,
703 1880 847 1942 inque
867 1878 1065 1942 Stanleii
1086 1881 1257 1927 scrinia
1285 1883 1387 1945 pari
1411 1883 1553 1930 modo
1570 1901 1623 1929 ac

156 1962 483 2011 praelectiones
508 1963 716 2027 ejusdem
736 1962 1122 2027 Theophrasticae
1149 1965 1438 2028 irrepserint:
1479 1967 1526 2012 in
1553 1966 1625 2013 his

154 2047 278 2092 enim
304 2046 364 2092 ad
387 2045 489 2092 illas
514 2045 666 2102 refert,
695 2054 741 2093 et
765 2054 951 2093 contra:
991 2063 1178 2093 omnem
1206 2048 1348 2094 etiam
1373 2049 1624 2112 utrobique

117 2163 121 2169 .
154 2137 359 2192 aucupat
382 2130 681 2176 occasionem
706 2129 968 2176 disserendi
992 2130 1051 2176 de
1081 2130 1219 2177 bellis
1244 2131 1464 2179 civilibus
1486 2133 1623 2195 ((1υο-

156 2230 258 2259 rum
283 2211 570 2275 temporibus
596 2212 732 2273 vixit)
759 2221 804 2258 et
837 2211 1041 2259 tumultu
1070 2214 1304 2261 intestino.
1379 2213 1623 2279 Exemplis

154 2313 311 2357 parco,
334 2312 442 2359 quae
464 2295 612 2342 multa
630 2294 816 2342 facilius
833 2296 988 2359 quivis
1010 2295 1252 2344 detexerit.
1327 2298 1452 2346 Illud
1475 2317 1622 2347 unum

155 2379 344 2437 addam,
383 2395 458 2425 me
497 2379 772 2426 doctissimo
813 2378 1129 2436 Blomfieldio,
1173 2389 1306 2428 notas
1344 2381 1622 2446 AEschyleas

152 2461 363 2508 Stanleio
433 2461 738 2524 abjudicanti,
795 2461 1117 2510 lubentissime
1179 2465 1422 2522 assentiri3
1481 2467 1623 2513 miror

152 2554 308 2592 tamen
342 2545 585 2608 pigritiam
623 2544 681 2591 V.
708 2545 786 2603 D.,
810 2546 893 2609 qui
920 2544 1078 2592 Vitam
1113 2545 1316 2610 Duporti
1354 2550 1620 2612 nuperrime

153 2627 441 2691 conscripsit,
478 2627 606 2690 quod
642 2626 785 2675 MSS.
815 2627 1110 2676 Stanleianos
1144 2630 1322 2693 agitare
1359 2631 1619 2686 omittebat,

153 2727 260 2756 cum
302 2711 350 2756 in
389 2711 492 2773 ipso
536 2709 897 2758 Praelectionum
941 2710 1419 2776 Theophrasticarum
1458 2713 1620 2760 limine

154 2792 547 2840 Demosthenicas
572 2793 783 2841 alluserit
808 2794 1070 2858 Duportus.

221 2874 323 2922 Nec
367 2892 478 2923 vero
532 2878 768 2925 memoriae
811 2894 976 2940 parum
1023 2866 1198 2925 tenacis
1254 2895 1328 2925 me
1381 2876 1620 2924 incusabit

154 2955 360 3005 =Iacobus
400 2957 625 3017 Baileius,
652 2961 872 3023 antiquus
911 2977 1004 3008 non
1037 2960 1188 3008 solum
1223 2961 1417 3014 amicus,
1455 2975 1615 3005 verum
