1824 3171
463 157 539 194 AD
572 156 730 194 SUUM
759 156 1053 194 DEMOSTH.
1084 159 1361 199 PRAEF-ATT.
1587 161 1638 198 liii

197 260 283 298 bras
302 265 523 310 perventum
543 258 627 303 fuit,
658 259 695 295 in
716 260 887 297 Isocrate
908 260 1164 298 dubitationes
1193 274 1296 299 meas
1316 262 1353 299 in
1380 264 1485 301 calce
1514 265 1639 315 operis

196 320 394 357 annotavi:
423 326 536 369 atque
558 320 596 356 in
616 320 880 358 Demosthene
901 321 1038 358 Graeca
1057 322 1206 372 pridem
1234 323 1464 372 marginibus
1491 326 1637 374 adjeci:

197 381 289 418 etin
309 380 384 417 fine
414 381 702 418 annotationum
731 382 781 418 ad
811 382 969 431 primam
1003 382 1274 433 Olynthiacam
1308 396 1477 420 mearum
1511 398 1638 434 aequos

194 442 359 479 lectores
379 442 520 492 rogavi,
541 449 584 479 ut
603 455 711 479 suum
732 443 781 480 ad
802 456 861 480 me
882 444 1122 493 perscribere
1136 444 1319 492 judicium
1346 458 1420 481 non
1441 458 1640 494 gravaren-

195 510 267 542 tur.
325 504 440 545 Quod
470 505 653 542 hactenus
685 505 839 555 quidem
873 518 894 542 a
926 506 1090 550 nemine,
1114 505 1400 556 quibuscunque
1423 506 1471 543 de
1501 507 1637 552 causis,

195 578 279 602 esse
307 565 449 602 factum
477 566 637 615 cognovi
658 579 666 603 :
696 574 809 616 atque
829 566 852 602 ii
874 567 986 604 etiam
1017 580 1077 605 me
1099 567 1362 611 destituerunt,
1386 580 1480 617 quos
1512 580 1638 605 coram

195 626 311 672 oravi,
331 633 373 663 ut
391 639 497 664 suam
516 640 712 664 censuram
736 628 992 678 interponere,
1014 641 1059 665 ac
1081 635 1159 664 tum
1182 628 1270 664 mihi
1290 635 1371 664 tum
1391 628 1485 673 aliis,
1508 628 1641 666 utrius-

194 700 271 738 que
301 688 443 738 linguae
474 689 719 734 amatoribus,
746 688 928 727 inservire
956 689 1216 726 obscuriorum
1236 689 1408 726 locorum
1439 691 1636 740 (quantum

193 748 275 786 fieri
295 750 438 799 posset)
465 749 716 788 illustratione
738 750 997 800 dignarentur.
1055 750 1154 787 Illud
1179 750 1334 801 quidem
1366 751 1517 788 abunde
1550 750 1639 787 mihi

192 810 363 860 contigit,
393 824 469 861 quo
496 811 588 857 nulli
617 818 843 862 praestantes
869 811 936 848 viri
958 811 1043 863 (etsi
1063 825 1138 862 ego
1165 825 1225 849 me
1254 812 1290 849 in
1324 825 1410 848 eum
1440 825 1640 848 numerum

192 872 344 910 minime
372 872 513 921 refero)
542 885 711 923 unquam
740 880 957 919 caruerunt,
989 880 1031 910 ut
1059 874 1266 911 existerent
1288 873 1563 911 homunciones
1584 873 1640 923 ig-

192 933 290 979 navi,
320 941 555 984 arrogantes,
578 933 745 978 delicati,
774 934 967 980 maledici,
989 934 1053 985 qui
1075 935 1248 972 caninam
1278 941 1408 972 contra
1427 948 1488 972 me
1506 934 1640 972 facun-

193 994 293 1032 diam
322 1001 572 1032 exercerent:
601 1008 695 1045 quos
717 1008 789 1045 ego
810 995 868 1032 vel
883 995 1059 1045 opinione
1080 1009 1148 1033 sua
1168 997 1303 1034 beatos
1323 1009 1421 1041 esse,
1443 996 1501 1033 vel
1522 996 1641 1033 livore

192 1056 479 1101 contabescere,
501 1056 563 1093 vel
588 1057 724 1093 latratu
751 1069 859 1094 auras
879 1057 1038 1107 implere
1054 1058 1168 1096 facile
1188 1059 1321 1108 patior,
1340 1066 1378 1096 et
1398 1058 1641 1096 conscientiae

192 1129 288 1153 meae
313 1116 527 1154 testimonio
546 1122 760 1159 contentus,
780 1123 819 1153 et
838 1117 1067 1167 posteritatis
1087 1119 1315 1168 aequioribus
1329 1119 1487 1167 judiciis
1507 1119 1641 1165 fretus,

190 1176 317 1213 valere
331 1177 465 1226 jubeo.
524 1178 622 1218 Quae
643 1190 729 1214 cum
750 1177 802 1214 ita
828 1177 914 1223 sint,
945 1191 1018 1228 ego
1048 1192 1120 1223 me,
1142 1179 1204 1229 qui
1226 1192 1283 1224 ea,
1309 1193 1392 1230 quae
1414 1180 1580 1218 tenuitas
1600 1188 1640 1218 et

190 1237 330 1288 ingenii
358 1245 396 1275 et
425 1237 588 1274 fortunae
624 1251 721 1275 meae
750 1238 891 1284 ferunt,
914 1240 1040 1277 omnia
1060 1240 1264 1290 diligenter
1283 1240 1524 1291 fideliterque
1543 1255 1640 1292 prae-

190 1299 361 1344 stiterim,
381 1299 473 1336 boni
493 1299 560 1336 viri
587 1299 723 1345 officio,
750 1307 789 1337 et
822 1301 1042 1351 reipublicae
1069 1301 1244 1339 literariae
1275 1302 1435 1340 studiosi
1464 1302 1641 1340 functum

189 1373 276 1398 esse
307 1360 472 1398 confido.
545 1361 659 1398 Faxit
684 1362 795 1399 Deus
827 1362 1006 1413 Optimus
1029 1363 1238 1408 Maximus,
1269 1364 1349 1401 sine
1381 1367 1489 1412 cujus
1509 1364 1642 1402 favore

188 1421 331 1459 frustra
348 1435 418 1459 nos
437 1422 656 1472 fatigamus,
678 1430 722 1461 ut
751 1437 868 1474 opera
896 1437 982 1462 mea
1008 1432 1156 1462 tantum
1176 1425 1294 1476 prosit
1315 1426 1504 1470 omnibus,
1524 1439 1643 1475 quan-

190 1492 272 1522 tum
293 1498 367 1535 ego
386 1484 548 1523 vellem:
579 1492 697 1536 utque
717 1486 870 1524 labores
889 1487 928 1523 hi
950 1487 1025 1525 mei
1047 1488 1182 1525 eodem
1204 1488 1414 1525 animorum
1436 1488 1604 1526 candore
1623 1501 1647 1526 a

192 1546 400 1583 lectoribus
429 1546 684 1597 excipiantur,
702 1561 778 1598 quo
798 1561 820 1586 a
836 1562 897 1586 me
918 1549 1088 1599 suscepti
1107 1549 1344 1600 perfectique
1371 1556 1470 1587 sunt.
1527 1550 1644 1586 Pera-

181 1611 342 1655 ,cerbum
364 1610 463 1647 enim
484 1617 554 1655 est,
571 1610 677 1648 nullo
697 1624 766 1648 suo
786 1612 1058 1655 emolumento,
1074 1611 1237 1662 publicae
1257 1611 1448 1648 duntaxat
1475 1610 1644 1648 utilitatis

190 1672 312 1723 gratia
324 1672 578 1717 laborantem,
595 1672 801 1710 virulentas
823 1673 938 1710 etiam
959 1672 1276 1710 calumniatorum
1298 1673 1446 1721 linguas
1463 1671 1642 1721 experiri:

192 1747 353 1784 quorum
374 1747 548 1771 susurros
569 1741 686 1785 atque
706 1734 863 1772 aculeos
885 1735 914 1772 si
935 1735 1076 1772 evitare
1096 1748 1173 1772 non
1191 1733 1337 1778 licebit,
1361 1733 1455 1770 illud
1476 1746 1534 1769 me
1557 1745 1646 1770 con-

190 1796 384 1842 solabitur,
412 1796 517 1847 quod
544 1795 714 1846 Magnus
737 1796 960 1835 Alexander
990 1797 1211 1847 usurpabat,
1244 1796 1383 1845 regium
1414 1808 1489 1830 esse
1519 1795 1646 1830 audire

191 1859 294 1904 male,
313 1872 391 1895 cum
401 1858 531 1908 facias
552 1859 648 1895 bene.
705 1858 904 1909 Mitigabit
922 1865 961 1895 et
980 1858 1045 1895 illa
1063 1857 1158 1895 ratio
1179 1856 1348 1894 dolorem
1379 1868 1517 1900 meum,
1540 1855 1644 1905 quod

190 1919 338 1958 cordati
367 1933 499 1957 omnes
527 1920 631 1957 haud
658 1920 862 1958 difficulter
881 1920 1131 1972 perspiciunt,
1153 1920 1190 1956 id
1212 1932 1332 1970 genus
1363 1918 1646 1956 criminationes

190 1995 266 2019 non
281 1989 358 2019 tam
379 1982 426 2019 ab
443 1981 722 2032 improbatione
742 1982 871 2033 magni
887 1989 1046 2020 conatus
1065 1995 1108 2019 ac
1124 1981 1285 2018 difficilis
1302 1980 1426 2031 operis
1448 1986 1643 2017 contemtu

191 2042 392 2093 proficisci,
409 2055 522 2092 quarn
542 2043 589 2079 ab
610 2043 868 2089 aemulatione,
887 2043 1168 2086 malevolentia,
1190 2041 1354 2078 invidia:
1384 2054 1468 2091 quae
1487 2041 1523 2077 in
1543 2054 1644 2077 sum-

191 2117 254 2141 ma
271 2103 507 2154 turpitudine
526 2103 564 2139 id
584 2103 705 2140 solum
724 2104 842 2141 habet
860 2105 964 2148 boni,
985 2104 1087 2154 quod
1106 2104 1163 2148 iis,
1181 2103 1219 2140 in
1239 2116 1398 2153 quorum
1427 2103 1558 2140 animis
1584 2116 1644 2140 se-

191 2166 280 2203 dem
299 2164 391 2209 fixit,
413 2164 616 2215 plurimum
637 2164 744 2201 affert
772 2165 871 2202 mali.
932 2165 1019 2215 Ego
1038 2178 1126 2202 vero
1146 2164 1294 2201 illorum
1314 2165 1463 2202 miseria
1483 2178 1558 2202 non
1578 2165 1643 2202 de-

186 2227 319 2272 lector,
336 2226 405 2263 sed
422 2238 486 2263 eos
505 2225 558 2262 ita
575 2225 708 2263 felices
727 2239 811 2263 esse
831 2226 982 2271 vellem,
1005 2234 1059 2270 ut,
1077 2239 1162 2275 quae
1184 2227 1468 2276 reprehendunt
1491 2233 1529 2263 et
1549 2240 1639 2264 exa-

190 2288 326 2338 gitant,
354 2286 600 2337 corrigerent,
630 2299 676 2324 ac
707 2287 824 2337 longe
855 2287 1014 2325 meliora
1044 2287 1249 2325 efficerent.
1324 2289 1383 2325 Ita
1413 2289 1567 2326 demum
1601 2296 1642 2326 et

191 2348 459 2386 existimationi
488 2361 566 2385 suae
596 2348 853 2394 consulerent,
886 2357 926 2387 et
955 2349 1135 2386 studiosis
1155 2350 1395 2399 prodessent,
1418 2357 1455 2387 et
1475 2363 1570 2388 meae
1587 2350 1644 2388 fa-

192 2424 277 2457 mae,
299 2410 328 2447 si
350 2409 471 2460 gratia
491 2409 692 2447 doctorum
716 2410 914 2461 indignum
944 2423 1026 2448 esse
1046 2417 1193 2462 putant,
1216 2411 1302 2462 (etsi
1332 2425 1556 2462 persuasum
1576 2412 1643 2449 ha-

190 2472 278 2516 beo,
295 2478 441 2508 temere
455 2471 629 2517 fortasse,
647 2472 717 2509 sed
732 2478 862 2509 tamen
882 2485 1105 2523 persuasum
1134 2473 1272 2518 habeo,
1291 2474 1480 2511 neminem
1501 2475 1643 2511 bonum

191 2540 230 2571 et
251 2533 405 2570 doctum
425 2532 515 2569 mihi
535 2546 618 2570 esse
638 2533 843 2584 inimicum)
869 2534 1216 2572 incommodarent.
1273 2534 1350 2572 Sed
1368 2536 1468 2572 bene
1487 2549 1641 2586 speran-

192 2595 282 2632 dum
298 2594 422 2645 potius
442 2602 517 2639 est,
531 2608 644 2645 quam
664 2595 763 2633 male
784 2596 1053 2635 eminandum:
1085 2605 1123 2634 et
1148 2596 1258 2645 huJus
1280 2604 1420 2634 nostrae
1441 2597 1641 2635 laboriosae

192 2656 463 2701 conversionis,
497 2663 611 2707 atque
645 2657 873 2707 operosioris
902 2658 1016 2696 etiam
1049 2658 1320 2708 recognitionis
1361 2667 1534 2702 eventus,
1565 2659 1642 2695 for-

191 2725 297 2754 tunae
324 2718 589 2768 lectorumque
611 2718 767 2766 judiciis
791 2719 1089 2770 permittendus:
1120 2733 1204 2770 quae
1218 2733 1293 2770 quo
1313 2720 1480 2770 aequiora
1499 2733 1640 2770 cogno-

191 2778 370 2824 verimus,
398 2791 445 2815 eo
471 2779 674 2816 reddemur
699 2780 749 2817 ad
777 2780 1028 2818 absolvendos
1053 2784 1176 2829 justos
1203 2781 1241 2818 in
1269 2781 1573 2818 Demosthenem
1604 2786 1641 2816 ct

192 2839 404 2876 Isocratem
436 2840 743 2886 commentarios,
772 2841 990 2879 alacriores.
1047 2842 1250 2893 AEquitatis
1278 2850 1405 2879 autem
1425 2855 1507 2879 esse
1533 2847 1638 2890 puto,

192 2899 376 2951 pauculos
396 2913 557 2946 errores,
580 2914 675 2951 quos
700 2901 737 2939 in
758 2903 904 2953 prolixo
931 2916 1047 2955 opere
1070 2916 1206 2943 cavere
1227 2903 1484 2942 difficillimum
1512 2908 1581 2946 est,
1602 2909 1640 2938 et
