1824 3171
504 209 1043 252 ΦΙΛΙΠΠΙΚΟΣ
1104 211 1158 250 Α.
1460 206 1557 254 115

110 345 202 389 παρ
240 322 353 391 ὑμων
379 319 617 393 ἶππαρχον
644 317 712 369 δεῖ
740 328 884 380 πλειν,
914 343 999 370 των
1025 316 1068 369 ὃ
1093 318 1209 394 uve?
1238 344 1322 371 των
1360 325 1436 381 τῆς
1471 322 1563 374 πό-

111 411 220 454 λεως
253 418 496 462 κτηματων
534 391 856 464 οἷ’γωνιζομενων
895 391 1121 444 Μενελαον
1159 395 1443 480 ἱππαρχεῖν·
1433 437 1444 453 ,
1485 395 1563 448 καὶ

110 470 156 521 ου’
183 493 256 520 τον
282 465 415 541 ἄνδρα
437 484 748 560 μεμφομενος
740 491 895 518 ταυτα,
929 466 1068 533 λεγω,
1097 466 1209 518 οἷλλ
1235 485 1292 529 υφ
1331 491 1447 536 υμων
1485 468 1564 521 ’ἔδει

111 565 508 635 κεχειροτονημενον
536 546 642 593 εἶναι
671 565 824 593 τουτον
851 565 893 600 ος
921 566 987 600 τις
1013 541 1066 592 οἳν
1094 542 1138 596 ἦ.

248 615 382 674 Ἴσως
411 614 453 668 δὲ
479 638 636 667 ταυτα.
660 640 736 685 μεν
765 616 902 707 ὄρθιος
935 616 1111 681 ἡγεῖσθε
1151 616 1397 681 Myse-5041,
1437 640 1487 667 το
1525 613 1566 668 δε

109 714 194 742 των
200 690 484 776 χρημάτων,
512 713 638 742 ποσοι
664 690 742 742 καὶ
769 688 970 742 ποθεν
952 713 1104 752 εστοιι,
1130 690 1346 760 μάλιστα
1376 691 1564 743 ποθεῖτε

107 763 324 816 ditono-ou.
373 788 504 816 τουτο
549 761 598 825 ὃν]
636 787 715 816 και
755 765 952 832 περανῶ.
1002 764 1228 855 χρήματα
1269 765 1425 828 τοίνυν,
1468 787 1565 816 εστι

105 863 185 908 μεν
209 840 234 900 ἦ
269 837 419 930 τροφή,
447 861 684 911 σιτηρεσιον
721 862 812 897 τοις
846 861 1205 931 στρατευομενοις
1242 863 1365 908 μονον
1404 840 1461 910 τῇ
1497 836 1569 890 δυ-

107 911 235 982 νοέμει
278 912 438 982 ταύτῃ,
482 912 698 964 ταλαντα
739 912 1009 969 ἓννεννικοντοι
1050 937 1128 964 και
1170 914 1319 988 μικρόν
1361 938 1404 964 τι
1444 911 1566 989 πρός,

149 1026 233 1056 ”Αλλ
259 1027 295 1061 εἰς
316 1027 370 1066 μὲν
397 1026 516 1066 Λημνον]
551 1028 693 1062 Lemnos,
725 1027 818 1057 hodie

107 1069 208 1100 Lennn
224 1071 289 1100 sive
311 1070 416 1106 Limni,
431 1070 530 1100 insula
547 1071 638 1099 maris
653 1071 750 1110 AEgaei
775 1072 819 1100 in-

107 1117 154 1142 ter
169 1114 305 1143 Montem
323 1113 422 1143 Athon
440 1118 471 1142 et
483 1113 707 1142 Chersonesum
723 1114 819 1143 'l'hra-

106 1156 222 1193 cieam3
246 1167 309 1185 eam
328 1157 493 1195 AEsehylus
507 1156 535 1185 in
556 1156 660 1185 Persis
678 1157 754 1186 inter
773 1158 819 1186 in-

106 1198 188 1228 sulas
200 1199 438 1228 Atheniensibus
453 1199 591 1228 subditas
603 1205 752 1229 recenset.
782 1201 818 1228 In

106 1242 269 1271 Herodoto
295 1242 349 1271 lib.
366 1242 407 1271 vi.
424 1252 458 1272 ac
475 1242 618 1271 Cornelio
641 1244 764 1280 Nepote
788 1243 818 1271 in

104 1284 239 1314 Miltiad.
264 1284 368 1322 legere
393 1290 441 1314 est
463 1286 615 1323 quomodo
642 1295 706 1314 earn
725 1297 742 1314 a
760 1287 818 1315 Pe-

105 1326 210 1365 lasgis,
222 1326 364 1357 Miltiade
380 1328 471 1362 duce,
487 1328 666 1357 ademerint.
698 1329 817 1367 Byzan-

104 1369 171 1405 tiui,
195 1370 319 1405 Rhodii,
335 1370 416 1405 Chii,
437 1371 554 1409 Coique
580 1371 817 1409 quinquennium

104 1417 173 1442 ante
205 1418 310 1442 contra
340 1414 475 1443 Athenas
510 1424 541 1442 se
577 1419 818 1449 commoverunt,

104 1456 311 1494 Lemnumque
325 1462 443 1485 centurn
460 1456 588 1485 navibus
605 1456 752 1486 invadere
766 1467 818 1486 co-

103 1499 166 1527 nati
180 1504 259 1528 sunt.
304 1498 506 1528 Athenienses
521 1509 537 1528 a
557 1499 690 1528 Lemniis
701 1500 818 1529 auxilio

105 1541 206 1571 vocati
222 1543 278 1571 sub
294 1541 418 1581 optimis
435 1542 499 1571 suis
514 1542 644 1571 ducibus
658 1541 731 1571 illuc
749 1553 818 1582 pro-

105 1584 177 1613 fecti
194 1591 274 1614 sunt.
319 1586 458 1623 Quatuor
478 1595 571 1614 annos
588 1589 658 1623 post
673 1585 817 1615 Thermo-

104 1626 194 1666 pylas
217 1638 370 1666 occupare
397 1638 559 1666 aggressus
582 1633 628 1657 est
646 1628 816 1666 Philippus.

105 1671 183 1700 Eum
200 1671 414 1707 Athenienses,
430 1681 488 1709 qua
504 1675 566 1700 turn
588 1674 674 1699 erant.
690 1672 816 1710 vigilan·

102 1713 156 1748 tia,
172 1714 292 1748 eodem,
309 1713 388 1742 unde
402 1718 536 1748 venerat,
550 1724 582 1743 se
595 1713 731 1752 recipere
748 1725 820 1744 coe-

102 1761 227 1794 gerunt:
252 1756 440 1786 immemores
470 1761 570 1786 autem
593 1766 661 1786 enm
677 1757 817 1787 relictum

104 1804 238 1838 coeptnm
255 1809 403 1829 renovare
430 1809 534 1838 posse,
556 1800 629 1829 satis
647 1799 818 1830 habuerunt

104 1841 240 1880 equitum
258 1852 365 1880 agmen
378 1843 416 1872 ad
431 1852 514 1872 oram
531 1842 642 1873 Atticae
654 1843 818 1873 collocare.

105 1883 250 1914 Touriell.
276 1885 416 1915 Momm

146 1930 206 1957 Τῶν
227 1926 432 1967 ἀγωνιζομένων
454 1927 624 1968 ἱππαρχεῖν]
654 1927 818 1970 Ἵππαρχον

104 1968 181 1999 εῖναι.
206 1971 329 2000 WoLr.

147 2015 207 2042 Τῶν
232 2011 454 2053 ἀγωνιζομένων]
489 2013 522 2043 Οἱ
550 2012 743 2052 ἀγωνιζόμενοι
772 2013 816 2042 vi-

105 2054 215 2084 dentur
229 2066 308 2090 esse,
323 2055 375 2093 qui
386 2056 424 2084 ad
439 2056 532 2094 Pylas
543 2056 687 2094 Philippo
700 2056 817 2085 aditum

104 2102 262 2136 negarent,
278 2108 406 2137 quorum
425 2099 502 2133 dux,
520 2099 625 2136 judice
644 2099 732 2133 Luc„
749 2099 817 2127 Me-

104 2140 210 2170 nelaus
221 2141 297 2178 fuit3
322 2141 373 2179 qni
390 2141 469 2170 unde
485 2141 632 2170 oriundus
648 2141 750 2176 fuerit,
768 2151 818 2169 ne-

105 2182 230 2219 scimus,
254 2194 320 2213 nam
348 2183 511 2213 Tourretlii
536 2184 697 2218 sententia,
723 2183 817 2213 fuisse

104 2225 184 2255 hunc
203 2226 342 2265 Philippi
368 2227 489 2255 fratrem
512 2237 547 2255 ex
565 2227 659 2256 altero
675 2227 817 2265 conjugio

105 2273 219 2303 natum,
237 2279 293 2297 non
311 2279 383 2298 vero
396 2269 507 2298 similis
521 2274 577 2298 est.
604 2269 732 2299 Riinrc.

148 2311 297 2352 Μενέλαον]
323 2312 414 2341 Hunc
432 2312 568 2351 Philippi
585 2312 706 2342 fratrem
723 2311 817 2341 fuisse

103 2353 148 2384 ait
162 2355 353 2390 Tommllus,
370 2365 409 2384 ex
434 2355 530 2384 altero
553 2360 653 2385 autem
676 2355 817 2395 conjugio

104 2402 219 2427 nalum.
254 2398 370 2427 Etenim
386 2398 523 2437 Philippi
540 2403 636 2427 mater
649 2397 817 2436 Eurydice,

104 2440 240 2469 Menelai
265 2440 391 2478 Cygnea
417 2445 504 2477 erat3
534 2440 692 2479 utriusque
718 2445 817 2470 autem

104 2481 200 2512 Pater
215 2483 362 2521 Amyntas
384 2488 463 2513 teste
489 2484 642 2522 Harpocr.
658 2488 689 2513 et
703 2483 818 2513 Jnstin.

97 2525 126 2558 J.
142 2525 196 2555 vii.
240 2526 392 2564 Equidem
410 2537 476 2555 cum
492 2526 616 2556 Oliveto
629 2526 734 2565 potius
751 2537 819 2556 son-

106 2567 192 2604 tiam,
214 2568 294 2598 hunc
317 2569 408 2598 alium
433 2579 501 2598 esse
527 2570 713 2604 Menelaum,
729 2569 818 2599 nobis

106 2610 181 2640 alias
196 2610 342 2651 ignotum.
390 2611 538 2648 Quamvis
555 2611 635 2641 enim
652 2611 818 2650 Philippus

106 2657 137 2683 et
168 2654 329 2684 Menelaus
358 2655 493 2684 diversis
529 2655 676 2685 matribus
709 2654 820 2684 fuerint

107 2696 180 2732 nati,
196 2707 293 2736 neque
309 2708 381 2727 sane
405 2696 539 2726 amicitia
563 2697 818 2738 conjunctissimi,

853 1038 910 1056 non
928 1034 1026 1057 tamen
1044 1027 1211 1057 verisimile
1229 1026 1351 1056 videtur
1365 1027 1568 1057 Athenienses

852 1070 948 1101 hostis
966 1071 1014 1100 sui
1027 1071 1111 1100 fratri
1125 1075 1241 1100 tantum
1255 1071 1406 1100 confidere
1422 1070 1569 1100 voluisse.

854 1115 995 1144 Momm.

896 1156 1032 1186 Μενέλαον
1060 1156 1249 1197 ἶωωαξχεῖν]
1294 1157 1402 1184 Parum
1433 1156 1568 1185 insolens

853 1200 910 1228 fuit
937 1200 1178 1229 Atheniensibus
1208 1205 1387 1228 extraneum
1419 1199 1568 1238 exercitui

852 1244 1019 1281 praeficere.
1031 1243 1070 1270 V.
1087 1243 1166 1271 Plat.
1178 1243 1242 1272 lon.
1258 1242 1302 1281 [l)·
1316 1244 1388 1270 144.
1402 1241 1452 1270 ed.
1467 1240 1568 1281 Serr.]

854 1286 892 1314 In
909 1286 1028 1314 AEliano
1045 1285 1135 1314 etiam
1153 1285 1238 1313 Hist.
1255 1285 1275 1313 l.
1288 1284 1350 1313 xiv.
1363 1287 1392 1313 ὁ.
1410 1285 1567 1323 catalogus

853 1333 901 1358 est
919 1328 1165 1367 Peregrinormn,
1183 1328 1234 1366 qui
1260 1327 1490 1356 Atheniensium
1514 1338 1567 1356 ex-

853 1371 1003 1401 ercitibus
1029 1371 1226 1409 imperarunt.
1254 1369 1399 1399 Tourrell.
1424 1370 1568 1400 MOUNT.

896 1413 979 1442 Ἀλλ’
999 1413 1046 1453 ὑφ’
1071 1415 1148 1453 ὑμῶν
1162 1413 1213 1443 ἔδει
1235 1411 1485 1452 κεχειροτονημένον
1501 1412 1567 1442 εἶναι

852 1458 959 1491 τοῦτον,
975 1455 1054 1490 ὅστις
1075 1456 1107 1485 ἂν
1130 1454 1160 1496 ᾖ]
1187 1456 1339 1494 Populum
1358 1456 1456 1484 solum
1474 1466 1567 1494 penes

853 1505 917 1528 erat
946 1500 1010 1528 haee
1036 1509 1161 1528 munera
1190 1500 1350 1535 conferre;
1382 1499 1440 1527 hoc
1467 1503 1568 1528 tamen

851 1543 1067 1581 imperatorum
1086 1541 1212 1571 arbitrio
1229 1551 1440 1580 nunnunquam
1457 1541 1568 1580 perrui—

852 1595 931 1614 sere.
958 1585 1104 1614 Tourrell.
1134 1585 1237 1614 [uem.
1395 1621 1400 1624 .

893 1626 961 1666 ’Ὑφ’
983 1627 1076 1667 ὑμῶν]
1105 1627 1271 1657 Emendavi
1287 1637 1326 1656 ex
1346 1626 1467 1656 Reiskii
1484 1637 1567 1656 men-

851 1674 882 1699 te
899 1670 950 1711 ἔιφ’
965 1671 1052 1710 ὑμῶν,
1078 1670 1121 1700 ita
1143 1676 1175 1700 et.
1202 1670 1422 1700 emendandum
1448 1670 1568 1700 censuit

852 1714 956 1743 Abbas
972 1714 1118 1742 d'Olivet.
1142 1716 1279 1743 Anam.
1325 1713 1386 1742 Sed
1399 1713 1456 1742 hoc
1474 1723 1568 1743 sensu

851 1756 983 1786 dixisset
1008 1755 1039 1794 ἐξ
1069 1757 1157 1796 ὑμῶν,
1182 1762 1215 1785 ut
1240 1767 1308 1795 sup.
1323 1767 1355 1795 p.
1374 1758 1447 1786 113.
1465 1767 1493 1785 v.
1512 1755 1566 1785 ult.

853 1799 982 1829 Rijmc.

893 1842 911 1871 ί.
929 1843 1019 1872 Τοῦτο
1034 1841 1062 1872 δῆ
1079 1841 1125 1870 καὶ
1142 1842 1262 1882 πεξανῶ]
1293 1843 1374 1881 stag&
1391 1840 1423 1870 τὸ
1439 1838 1568 1882 περαίνειν

850 1885 899 1915 καὶ
914 1884 948 1914 τὸ
963 1884 1060 1923 πέρας,
1074 1884 1106 1913 τὸ
1122 1884 1214 1918 τέλος.
1237 1885 1358 1915 VVOLF.

894 1929 1038 1969 Χρήματα
1053 1925 1152 1969 τοίνυν]
1178 1927 1375 1957 Consti-actio
1392 1932 1422 1956 et
1435 1927 1568 1956 colloca·

851 1971 894 2000 tio
908 1972 1068 2000 verborum
1084 1971 1271 2000 insolentior.
1296 1971 1357 1999 Sed
1372 1970 1490 2009 accipio
1505 1970 1565 1998 sic:

851 2014 912 2052 weg?
937 2014 1096 2053 χξημάτων
1118 2012 1212 2048 τοίνυν,
1236 2014 1270 2042 de
1283 2014 1419 2051 pecunia,
1436 2013 1512 2052 quod
1527 2013 1566 2041 ad

846 2059 1003 2094 poemiam
1025 2057 1142 2084 attinet.
1167 2057 1179 2086 ἦ
1201 2054 1256 2095 μὲν
1277 2057 1363 2094 τξοφῆ
1388 2056 1425 2095 τῇ
1449 2055 1566 2093 δυνάμει

851 2099 942 2139 ταύτῃ
959 2099 1056 2138 (qnod
1081 2098 1229 2136 sequitur,
1244 2097 1311 2127 κατ’
1333 2096 1500 2136 ἒπεξηγνσιν
1516 2107 1566 2127 ac·

851 2132 944 2175 cedit,
963 2139 1090 2179 σιτηξὲσι
1083 2152 1118 2168 ιον
1139 2140 1218 2179 μόνον
1234 2152 1294 2173 τοις
1316 2150 1496 2192 στξαὶτευοαε
1489 2138 1565 2174 νοις)

851 2182 930 2212 ἐστὶν
947 2184 1080 2213 τάλαντα
1097 2182 1260 2218 ἐνενήκοντα,
1274 2183 1306 2212 id
1317 2187 1374 2217 est,
1386 2185 1399 2212 ἦ
1416 2185 1501 2222 τξοφη
1515 2194 1566 2216 της

851 2227 992 2265 δυνάιιιεους
1017 2226 1141 2256 ἀπαιτεῖ
1164 2227 1298 2256 τάλαντα.
1321 2237 1464 2255 ‘roe-aura.
1493 2228 1566 2255 100.

850 2270 1002 2299 drachmae
1024 2270 1145 2304 minam,
1166 2270 1256 2298 minae
1277 2271 1329 2299 60.
1347 2269 1503 2302 talentum,
1520 2272 1567 2297 ta-

850 2312 964 2342 lentum
982 2315 1055 2342 600.
1075 2322 1183 2341 aureos
1200 2312 1282 2341 facit.
1315 2312 1397 2341 Hinc
1415 2322 1470 2341 suo
1483 2311 1566 2350 quis-

852 2366 910 2394 que
922 2356 1067 2385 arbitratu
1084 2356 1216 2385 rationes
1228 2354 1482 2386 Demostlienicas
1495 2364 1567 2393 snp-

851 2403 959 2437 putet:
984 2403 1014 2428 et
1029 2399 1105 2427 illud
1120 2403 1215 2434 notet,
1231 2397 1326 2436 equiti
1340 2397 1467 2436 triplum
1483 2407 1567 2427 σιτη-

853 2440 937 2481 ρέσιον
955 2452 1023 2471 esse
1039 2442 1155 2477 datum,
1172 2442 1330 2476 drachmas
1353 2440 1495 2474 tricenas,
1511 2450 1567 2479 pe-

853 2485 910 2514 diti
930 2485 1047 2514 denas:
1072 2494 1201 2523 quorum
1226 2494 1333 2513 carnes
1358 2493 1427 2513 esse
1451 2483 1566 2512 vilissi-

855 2537 918 2556 mas
944 2527 1081 2566 vulgaris
1102 2528 1193 2565 jocus
1215 2527 1355 2556 affirmat:
1380 2530 1412 2556 et
1431 2525 1493 2565 ipsi
1510 2526 1566 2555 mi-

853 2570 922 2599 lites
947 2580 1031 2598 suam
1057 2570 1210 2599 luxuriam
1238 2574 1269 2599 et
1291 2569 1446 2599 licentiam
1472 2579 1568 2598 excu-

853 2617 967 2647 santes,
984 2613 1078 2647 aiunt,
1103 2613 1209 2642 eadem
1236 2622 1269 2642 se
1294 2612 1471 2642 conditione
1487 2621 1565 2645 esse,

854 2665 1045 2695 quaporeos,
1057 2654 1106 2694 qui
1120 2655 1444 2695 saginatijugulentur.
1460 2655 1566 2684 IDEM.

895 2699 1036 2727 Τάλαντα,
1060 2697 1224 2728 ἒννενηκοντοι
1246 2699 1294 2728 καὶ
1318 2698 1416 2738 μικρόν
1431 2709 1460 2727 τι
1476 2696 1565 2736 ωρόσ]

193 2741 234 2768 20
251 2741 296 2769 Μ.
313 2750 369 2779 per
387 2740 994 2774 Month><12=240><10=2100=40
1011 2741 1147 2771 Talents.

194 2784 234 2811 10
251 2783 306 2812 Dr.
323 2794 354 2822 p.
370 2784 415 2813 M.
424 2785 546 2818 ΧΞΟΟΟ
557 2795 718 2824 στρατιωτ
713 2786 873 2814 :20000
893 2785 947 2813 Dr.
957 2791 984 2818 ><
995 2786 1208 2815 12:240000
1225 2785 1279 2814 Dr.
1283 2786 1370 2813 =4o
1380 2782 1515 2812 Talents.

193 2825 235 2854 30
250 2826 306 2856 Dr.
323 2836 381 2865 p.
370 2826 416 2857 NI.
425 2828 526 2893 Ι><200
543 2828 638 2867 equit.
640 2828 770 2857 :6000
788 2827 842 2856 Dr.
854 2834 880 2861 ><
892 2829 1082 2858 12:72000
1099 2828 1156 2858 Dr.
1165 2830 1242 2862 ><12
1258 2827 1394 2857 Talents.

737 2871 779 2899 40
793 2869 932 2900 Talents.

738 2915 781 2942 40
795 2912 930 2943 Talents.

740 2957 780 2985 12
796 2955 932 2986 Talents.

633 3006 664 3035 S.
682 3006 717 3036 T.
734 2998 927 3037 &Talents.

1363 3003 1524 3032 Tama.
