1824 3171
610 242 686 281 AD
716 240 1156 281 DEMOSTHENEM.
1529 241 1613 279 cxlv

165 352 234 389 tati
260 352 307 389 ab
340 349 488 387 illorum
520 347 652 399 paucis
685 347 913 398 quibusdam
953 347 1138 397 facileque
1167 343 1332 382 ferendis
1362 345 1532 396 lapsibus
1562 347 1615 384 nil

165 415 368 465 quicquam
388 411 566 455 decedit;
596 424 727 449 naevos
748 411 914 462 denique
945 410 976 448 si
1000 423 1095 462 quos
1126 408 1163 446 in
1190 420 1349 459 corpore
1378 409 1615 458 caeteroquin

166 479 332 515 formoso
349 482 537 520 notemus,
558 481 681 512 totum
700 474 786 513 ideo
803 473 945 512 anobis
960 473 1069 511 nullo
1081 470 1196 509 modo
1212 470 1419 509 contemni.
1451 470 1617 521 Egomet

166 540 247 589 ipse
262 550 375 587 quam
394 549 551 575 numero
567 535 677 574 multi
707 536 783 574 sint
810 535 1017 587 magnique
1044 546 1171 586 operae
1198 545 1221 570 a
1238 546 1298 571 me
1324 532 1373 570 ad
1398 531 1615 570 ornandum

167 599 468 637 Demosthenem
497 598 647 636 collatae
677 597 787 643 naevi,
817 604 860 634 ut
886 598 1005 648 probe
1040 604 1166 643 tene0,
1197 601 1236 633 et
1255 592 1388 632 nescio
1417 606 1466 631 an
1494 593 1617 643 magis

165 661 292 705 etiam,
312 673 426 712 quam
445 659 511 707 illi,
531 659 562 697 si
583 660 785 711 quierunt,
806 659 887 710 ejus
914 657 1220 709 reprehensores,
1241 656 1295 694 ita
1320 654 1372 693 nil
1390 667 1450 693 me
1479 653 1621 705 puduit

166 722 290 772 ipsum
310 734 375 760 ore
401 733 486 759 meo
506 720 686 772 profiteri.
743 719 880 771 Neque
910 719 1009 757 enim
1039 718 1120 756 fieri
1147 723 1274 770 potest
1304 723 1348 754 ut
1377 715 1468 754 mihi
1492 715 1620 753 desint

166 783 314 835 Toupii,
335 790 374 822 et
391 782 423 821 si
442 782 506 834 qui
535 782 598 820 alii
623 788 726 827 sunt,
760 789 828 819 aut
852 788 978 826 erunt,
997 781 1081 831 ejus
1101 779 1243 818 similes
1263 777 1400 823 Momi‚
1419 777 1498 828 qui,
1515 776 1619 816 facto

165 845 270 895 quasi
288 843 449 895 agmine,
472 844 510 882 in
529 856 590 881 me
608 855 787 881 censores
808 843 934 894 asperi
953 849 993 880 et
1009 841 1129 893 iniqui
1147 847 1392 892 consurgent.
1447 840 1621 884 Quorum

165 918 238 957 ego
257 905 375 944 minas
394 912 433 943 et
451 904 776 957 importunitatem
794 903 890 942 tanti
908 916 985 941 non
1010 903 1096 951 feci,
1116 911 1158 942 ut
1185 904 1234 941 ab
1261 903 1306 940 iis
1326 900 1529 940 absterreri
1557 913 1619 938 me

167 974 330 1017 paterer,
350 980 428 1018 quo
447 967 572 1005 minus
591 967 629 1004 in
658 966 854 1018 publicum
880 966 1094 1017 prodirem;
1121 968 1218 1006 bene
1251 965 1344 1003 mihi
1377 965 1570 1011 conscius,
1598 978 1622 1004 a

169 1040 230 1066 me
250 1028 287 1066 in
307 1035 416 1066 tanta
434 1028 639 1067 multarum
669 1041 794 1067 rerum
813 1027 1059 1079 insuperabili
1089 1035 1128 1067 et
1153 1028 1314 1081 penuria
1344 1034 1382 1066 et
1408 1028 1621 1079 iniquitate,

168 1102 245 1140 qua
264 1096 394 1140 septus
412 1090 479 1136 sui,
499 1096 648 1128 tantum
669 1090 905 1128 elaboratum
926 1103 1024 1137 esse,
1044 1097 1230 1141 quantum
1262 1091 1388 1128 bonus
1419 1096 1459 1128 et
1488 1103 1623 1141 aequus

169 1151 328 1201 quisque
354 1158 421 1189 aut
447 1157 659 1202 exspectet,
682 1157 748 1188 aut
766 1150 938 1201 flagitet;
969 1150 1056 1201 plus
1072 1151 1199 1199 etiam,
1220 1151 1343 1202 (juvat
1363 1151 1465 1189 enim
1485 1152 1534 1189 ad
1555 1152 1621 1190 de-

168 1211 404 1262 primendum
419 1225 600 1250 vanorum
615 1211 828 1250 istiusmodi
847 1211 1042 1250 hominum
1057 1225 1194 1250 nasum
1207 1211 1378 1250 nonnihil
1394 1212 1623 1252 insolescere

167 1279 208 1310 et
219 1273 440 1323 juveniliter
456 1272 623 1324 gloriari)
643 1273 729 1324 plus
748 1273 878 1320 etiam,
897 1286 1013 1324 quam
1034 1274 1131 1312 alius
1154 1275 1342 1325 quispiam
1362 1274 1498 1312 eodem
1523 1275 1623 1320 loco,

168 1347 245 1385 quo
260 1347 333 1385 ego
352 1334 405 1372 fui
418 1335 585 1373 fataliter
603 1335 823 1381 conclusus,
841 1335 1081 1386 praestiturus
1102 1336 1218 1374 fuisse
1238 1336 1402 1374 videtur.
1455 1336 1554 1384 Tibi,
1574 1338 1625 1375 mi

169 1397 335 1443 Askewi‚
356 1396 387 1434 si
414 1410 492 1435 non
520 1410 674 1448 prorsus
703 1396 944 1448 displicuero,
973 1398 1037 1448 qui
1065 1398 1206 1436 arbiter
1235 1398 1287 1436 sis
1316 1397 1537 1450 hujusmodi
1564 1411 1624 1436 re-

173 1471 268 1503 rum,
287 1466 326 1496 et
343 1459 576 1510 intelligens,
598 1468 637 1497 et
656 1472 805 1509 aequm,
820 1472 897 1497 rem
915 1460 1082 1510 gessisse
1097 1459 1221 1498 modis
1240 1472 1316 1497 non
1331 1459 1486 1498 omnino
1506 1460 1625 1511 poeni-

171 1520 296 1559 tendis
317 1521 407 1559 mihi
425 1521 594 1560 videbor.
625 1520 731 1560 Bene
748 1520 845 1559 vale.
877 1521 960 1559 Ser.
982 1521 1118 1573 Lipsiae
1139 1521 1179 1562 d.
1200 1523 1238 1560 8.
1261 1521 1404 1573 Aprilis
1429 1523 1542 1560 1770.

599 1721 683 1763 ER
690 1722 775 1764 UD
782 1721 886 1763 1'1‘0
919 1721 1197 1765 LECTORI

815 1846 848 1871 s.
881 1845 989 1871 m.

518 1940 647 2014 io,
692 1939 849 1988 IAC.
911 1938 1249 1988 REISKE.

230 2064 566 2103 DEMOSTHENEM
588 2064 716 2110 edere,
734 2078 780 2102 ex
808 2064 968 2103 oratoris
988 2071 1026 2102 et
1053 2064 1104 2101 rei
1125 2064 1326 2114 dignitate,
1349 2075 1464 2114 quam
1492 2062 1541 2100 sit
1568 2074 1628 2099 ar-

177 2125 311 2172 duum,
331 2127 482 2164 tametsi
502 2140 578 2164 non
607 2127 834 2177 ignorarem,
860 2139 983 2177 neque
1014 2139 1074 2163 me
1100 2126 1251 2176 fugeret
1280 2124 1421 2176 ingenii
1449 2124 1522 2162 mei
1549 2137 1628 2161 me-

179 2187 369 2226 diocritas.
391 2202 478 2238 quae
505 2203 527 2227 a
545 2201 613 2239 spe
633 2194 750 2226 tantae
777 2187 900 2225 laudis
918 2187 1052 2238 procul
1075 2187 1197 2233 abest,
1219 2187 1336 2225 satius
1364 2193 1495 2224 tamen
1524 2186 1630 2232 duxi,

178 2249 320 2295 conari,
351 2263 464 2300 quam
497 2250 610 2300 plane
648 2250 864 2300 desperare.
921 2248 1161 2300 Propositam
1198 2255 1337 2286 metam
1375 2247 1525 2286 etiamsi
1552 2260 1630 2285 non

177 2311 392 2361 contingaS,
413 2311 504 2349 satis
524 2317 651 2349 tamen
676 2311 725 2348 ad
745 2310 899 2348 laudem
918 2309 1138 2347 merendam
1161 2309 1320 2347 arbitror
1339 2322 1439 2354 esse,
1468 2308 1499 2346 si
1524 2308 1629 2345 navi-

175 2377 252 2408 tate
266 2371 350 2409 haec
366 2373 624 2423 consequaris,
644 2379 687 2410 ut
704 2372 830 2410 nobile
850 2371 1004 2423 aliquod
1021 2378 1061 2409 et
1079 2372 1308 2422 praeclarum
1327 2371 1477 2409 facinus
1497 2382 1629 2418 ausus,

178 2445 201 2469 a
219 2433 392 2471 secunda
411 2435 564 2471 fortuna
583 2447 658 2471 non
674 2434 787 2485 plane
808 2433 982 2472 desertus
1002 2446 1100 2483 esse,
1119 2433 1169 2471 ad
1190 2432 1475 2472 contentionem
1492 2431 1559 2469 tibi
1579 2433 1633 2469 ni-

177 2493 228 2532 hil
255 2495 390 2534 fecisse
419 2496 620 2547 reliquum,
644 2495 894 2548 processisse,
927 2509 1004 2547 qua
1039 2495 1243 2547 potuisses,
1271 2502 1311 2533 et
1336 2493 1631 2532 fundamentum

176 2554 282 2593 haud
301 2556 559 2607 spernendum
578 2556 791 2608 operis,cui
808 2569 963 2595 manum
982 2556 1153 2595 ultimam
1168 2556 1398 2608 posteriores
1418 2554 1630 2606 imponant,

176 2618 350 2668 posuisse
367 2619 544 2657 videaris.
598 2619 621 2657 J
627 2626 714 2657 acta
733 2619 862 2671 itaque
884 2626 968 2657 esto
988 2619 1086 2657 alea.
1142 2618 1290 2664 Prodit,
1310 2616 1416 2670 quod
1436 2617 1529 2655 felix
1548 2617 1633 2654 fau-

178 2687 357 2731 stumque
375 2682 436 2728 sit,
457 2681 739 2720 Demosthenes
764 2688 895 2720 nostra
923 2681 1181 2732 qualicunque
1206 2693 1336 2733 opera,
1367 2693 1445 2718 non
1472 2679 1632 2731 perpoli-

181 2750 241 2780 tus
257 2743 318 2781 ille
337 2744 507 2795 quidem,
526 2745 631 2795 quod
650 2745 708 2783 vel
730 2757 884 2796 sperare
907 2743 956 2783 sit
979 2756 1161 2795 arrogans
1180 2750 1219 2782 et
1254 2756 1402 2789 vecors,
1426 2743 1480 2783 ita
1505 2749 1632 2780 tamen

184 2805 431 2851 emaculatus,
454 2805 492 2843 id
512 2806 616 2857 quod
634 2806 748 2844 aienti
762 2806 851 2843 mihi
870 2805 974 2844 haud
993 2818 1125 2844 vereor
1140 2818 1188 2843 ne
1202 2818 1264 2843 res
1278 2804 1362 2856 ipsa
1377 2803 1632 2848 contradicat,

184 2870 226 2902 ut
244 2867 456 2916 superiores
476 2881 608 2906 omnes
630 2868 817 2906 editiones
838 2867 922 2905 haec
937 2874 1070 2906 nostra
1083 2867 1292 2906 lectionum
1307 2865 1524 2917 praestantia
1540 2863 1634 2901 fide-

181 2939 253 2976 que
274 2927 324 2964 sit
346 2937 588 2978 superatura.

237 2990 271 3026 A
299 2995 354 3027 tot
383 2984 573 3042 tantisque
603 2991 690 3030 viris
719 2991 962 3031 collaudatus
991 2999 1052 3031 est
1079 2992 1253 3031 certatim
1274 2989 1570 3035 Demosthenes,
1598 2996 1636 3024 et

186 3072 278 3098 vel..
305 3073 333 3097 1.
896 3067 910 3097 t
