1824 3171
246 209 298 250 ss
573 200 874 255 ntimeem
907 212 1371 258 PROLEGOMENA

242 315 364 354 fuisse
382 317 571 366 videatur,
594 331 674 371 quo
693 321 798 359 cives
823 320 872 358 ad
904 332 963 358 res
988 326 1144 360 strenue
1172 320 1361 371 gerendas
1389 320 1693 372 impellerentur.

244 376 400 427 Saepius
418 385 546 418 autem
571 382 857 420 Demosthenes
879 381 1135 428 demonstrat,
1156 382 1391 434 Philippum,
1415 382 1483 432 qui
1502 383 1541 421 in
1558 383 1696 433 copiis,

243 449 344 487 quas
357 439 432 478 sibi
449 443 917 493 paraverit‚acquiescere
933 448 1115 492 nequeat,
1131 443 1338 493 plurimum
1355 456 1485 494 operae
1501 448 1539 480 et
1555 443 1697 481 laboris

240 499 438 539 collocare
465 502 504 540 iu
534 503 675 542 finibus
708 504 786 541 suis
814 503 1088 553 proferendis:
1129 503 1208 542 vid.
1239 508 1270 552 ξ.
1300 504 1342 544 δ’.
1371 504 1440 543 fin.
1496 504 1568 543 Sed
1598 508 1630 551 §-
1650 506 1696 542 ιέ.

241 566 448 612 postquam
473 562 552 602 fere
570 564 704 602 eadem
725 563 837 610 dixit,
858 563 1060 614 subjungit
1080 564 1190 602 haec:
1218 563 1300 604 εἶτα
1318 568 1413 605 τοῦτ’
1427 569 1698 617 ἀναμενοῦμεν,

242 624 302 659 καὶ
320 626 472 673 τριήρεις
490 629 601 668 κενάς
621 627 681 662 καὶ
699 628 771 668 τάς
797 628 901 676 παρὰ
921 630 985 663 τοῦ
1011 624 1131 667 ἒεῖνος
1155 625 1312 668 ἐλπίδας
1342 627 1411 665 ἐὰν
1439 628 1698 676 ἀποστείλητε,

241 685 348 724 πάντ’
365 685 468 737 ἔχειν
488 689 607 726 οἴεσθε
627 692 773 734 καλῶςς
793 701 840 727 ex
861 688 1002 739 quibus
1022 688 1149 726 verbis
1169 687 1264 726 illud
1286 688 1412 738 ipsum
1428 689 1573 735 discas,
1589 687 1697 739 quod

240 758 359 797 supra
372 747 739 801 docuimus‚copias
756 750 1012 788 mercenarias
1026 748 1078 787 ab
1095 748 1400 787 Atheniensibus
1417 749 1534 788 fuisse
1548 751 1697 795 missas,

240 807 310 846 sed
329 819 406 846 non
420 809 572 859 Justum
593 823 810 849 numerum.
866 811 975 855 Quin
996 811 1112 848 etiam
1132 809 1230 848 dicit
1251 816 1383 849 orator
1403 814 1434 858 ξ.
1453 810 1532 858 ιβ’.,
1548 810 1696 861 Philip-

238 880 333 919 pum
351 882 373 907 e
393 869 539 908 Lemno
558 872 660 909 cives
682 871 940 910 Athenienses
959 872 1134 921 captivos
1161 871 1386 918 abduxisse,
1406 872 1454 910 ad
1475 873 1696 910 Gen-restam

237 942 353 970 naves
374 932 527 983 cepisse
547 933 841 972 Atheniensium
863 940 938 972 ete
955 933 1206 971 Marathonia
1227 933 1382 984 regione
1395 947 1530 972 navem
1547 946 1696 972 sactum

236 991 420 1042 privasse.
478 993 578 1031 Haec
599 994 727 1032 omnia
747 994 777 1032 si
795 1007 843 1032 eo
863 993 1028 1031 fuissent
1047 999 1223 1044 tempore
1245 994 1470 1040 commissa,
1488 994 1554 1033 ubi
1571 994 1697 1045 prima

236 1053 424 1092 orationis
445 1066 533 1105 pars
554 1061 613 1093 est
634 1055 782 1101 habita,
797 1055 934 1093 mirum
950 1068 1044 1093 sane
1061 1061 1179 1100 esset,
1197 1055 1303 1105 quod
1319 1061 1452 1094 orator
1467 1068 1489 1093 a
1504 1055 1697 1106 principio

237 1114 380 1153 nuliam
400 1128 533 1154 eorum
556 1117 791 1155 mentionem
812 1116 967 1155 fecisset
986 1117 1035 1154 ad
1065 1116 1215 1154 animos
1237 1116 1455 1155 incitandos
1482 1122 1520 1155 et
1547 1116 1695 1154 inflam-

236 1176 414 1214 mandos.
471 1176 554 1215 Cfr.
576 1177 735 1216 Jacobs.
757 1189 794 1228 p.
816 1182 894 1219 117
915 1190 974 1229 sq.

291 1238 392 1275 Sunt
411 1237 496 1275 haec
516 1250 563 1276 eo
583 1238 784 1289 praemissa
805 1239 983 1284 consisto,
1006 1245 1046 1276 ut
1067 1243 1332 1288 argumentum
1353 1250 1399 1275 ex
1415 1237 1594 1289 Dionysii
1614 1238 1695 1276 Ha-

232 1296 368 1336 licam.
399 1299 630 1337 auctoritate
650 1299 920 1350 repetendum,
941 1299 1051 1349 quod
1071 1312 1149 1337 non
1171 1300 1264 1336 satis
1283 1304 1432 1336 certum
1455 1298 1531 1336 dici
1551 1304 1695 1348 potest,

235 1359 359 1410 magis
389 1359 504 1398 etiam
533 1359 843 1399 confirmaretur.
901 1361 972 1398 Ille
1003 1361 1106 1399 enim
1132 1361 1171 1398 in
1202 1360 1328 1411 Epist.
1349 1360 1398 1398 ad
1420 1361 1584 1398 Ammae.
1610 1363 1644 1408 §-
1667 1365 1694 1399 ι’.

234 1419 415 1459 ordinem
434 1421 655 1460 orationum
677 1421 1066 1460 Demosthenicarum
1085 1422 1316 1460 describens
1341 1420 1451 1466 dicit,
1481 1421 1694 1459 orationem

235 1488 385 1520 sextam
419 1482 691 1534 philippicam,
708 1505 760 1512 —-
776 1483 983 1534 legendum
1012 1489 1142 1521 autem
1167 1497 1193 1533 q
1211 1482 1346 1520 :imam
1364 1504 1416 1510 —
1431 1494 1546 1533 agere
1564 1482 1614 1520 de
1634 1494 1696 1520 sa-

233 1542 314 1581 lute
330 1542 602 1582 insulanorum
621 1549 660 1581 et
678 1544 831 1582 urbium
855 1543 1112 1594 Hellesponti,
1131 1544 1297 1593 ejusque
1316 1543 1465 1580 initium
1487 1543 1561 1581 hoc
1587 1556 1693 1582 esse:

233 1605 261 1642 ἃ
280 1605 350 1656 μὲν
375 1607 495 1656 ἡμεῖς,
516 1605 647 1656 ἄνδρες
666 1604 881 1652 Ἀθηναῖοι,
903 1604 1131 1656 δεδυνήμεθα
1152 1606 1279 1655 εὑρεῖν,
1300 1606 1415 1643 ταῦτά
1434 1605 1551 1643 ἐστιν.
1606 1605 1695 1644 Jam

237 1677 356 1716 quum
377 1666 512 1705 eadem
532 1667 650 1705 verba
669 1668 706 1705 in
727 1667 926 1718 principio
946 1667 1130 1706 secundae
1151 1667 1337 1706 orationis
1358 1667 1475 1716 hujus
1499 1667 1621 1718 partis
1639 1668 1695 1706 le-

234 1733 388 1778 gantur,
408 1734 538 1767 nostra
558 1742 618 1767 res
638 1729 860 1767 testimonio
883 1729 1060 1780 Dionysii
1081 1729 1324 1778 probaretur,
1348 1728 1378 1765 si
1409 1728 1694 1768 Demosthenes

234 1787 379 1827 diserte
408 1789 459 1827 de
487 1789 532 1828 iis
559 1790 656 1841 ipsis
685 1791 803 1829 rebus
832 1798 979 1840 ageret,
1009 1803 1108 1840 quas
1137 1790 1250 1828 affert
1288 1789 1457 1840 scriptor
1486 1790 1690 1840 Epistolae.

236 1851 378 1900 Atqui,
397 1850 538 1889 dixerit
559 1851 766 1902 quispiam,
789 1864 910 1901 quum
932 1852 1097 1902 Dionys
1124 1851 1218 1889 iliud
1248 1850 1353 1889 dicat
1373 1850 1560 1888 orationis
1580 1863 1692 1902 argu-

233 1917 408 1950 mentum
428 1924 524 1958 esse,
545 1912 651 1964 quod
673 1925 750 1949 non
771 1925 858 1950 vere
880 1919 952 1957 est,
975 1924 1103 1950 nonne
1133 1913 1208 1950 hoc
1237 1912 1387 1950 initium
1420 1911 1606 1949 orationis
1624 1913 1693 1951 de-

229 1973 397 2024 perditae
426 1974 597 2024 judicari
627 1980 759 2026 potest
776 1976 792 2013 ’ἱ
838 1975 974 2012 Potest
990 1988 1000 2018 ;
1036 1981 1076 2012 at
1109 1975 1139 2012 si
1172 1975 1335 2012 fortasse
1361 1975 1478 2012 verba
1514 1975 1692 2028 Dionysii

234 2046 325 2073 cnm
343 2035 428 2085 ipsa
447 2033 622 2075 oratione
642 2036 842 2075 conciliari
871 2036 1036 2086 possint,
1064 2036 1272 2082 concedes,
1295 2035 1523 2086 Dionysium
1553 2042 1692 2075 testem

234 2106 319 2133 esse
338 2096 432 2134 satis
451 2109 615 2147 gravem.
661 2096 855 2135 Lelaudus
876 2096 975 2134 hanc
998 2109 1076 2134 rem
1098 2097 1282 2134 intactam
1301 2096 1470 2146 reliquit,
1486 2097 1692 2135 Jacohsius

230 2167 276 2206 p.
298 2160 388 2194 114.
408 2168 486 2194 non
507 2157 635 2208 magui
656 2157 841 2195 momenti
860 2170 946 2194 esse
966 2157 1076 2195 dicit.
1133 2157 1267 2201 Quid?
1297 2169 1424 2195 nonne
1444 2158 1562 2195 verba
1581 2171 1692 2207 quoe-

230 2216 322 2261 dem
353 2216 629 2256 Demosthenis
661 2217 823 2269 Dionys.
844 2223 905 2255 est
935 2218 1237 2267 interpretatus?
1265 2231 1353 2255 nam
1374 2219 1440 2255 iiie
1458 2221 1491 2264 §-
1509 2217 1575 2265 ιβ’.
1606 2219 1691 2257 haec

231 2275 359 2315 dicit:
390 2280 449 2315 καὶ
474 2278 527 2316 ἔτι
547 2278 639 2329 πρὸς
659 2279 801 2321 τούτοις
828 2279 894 2316 τὸν
920 2280 1103 2328 μέγιστον
1133 2285 1206 2316 τῶν
1235 2279 1372 2315 ἐκείνου
1391 2280 1515 2328 πόρων
1534 2280 1691 2331 ἀφαιρῆ-

235 2340 355 2376 occec.
373 2338 452 2377 ἔστι
470 2338 498 2378 δ’
517 2337 622 2382 οὗτος
651 2341 735 2383 τίς;
766 2339 841 2377 α’πὸ
864 2346 937 2377 τῶν
955 2341 1141 2389 ὑμετέρων
1167 2340 1257 2388 ὑμῖν
1285 2341 1438 2388 πολεμεῖ
1469 2343 1688 2392 συμμάχων,

235 2400 339 2446 ἄγων
359 2401 418 2437 καὶ
436 2404 557 2451 φέρων
575 2401 662 2443 τοὺς
681 2403 866 2443 πλέοντας
879 2403 947 2445 τὴν
959 2399 1170 2437 θάλατταν.
1201 2398 1366 2437 Videtur
1379 2399 1545 2451 Dionys.
1556 2402 1690 2440 nescio

235 2470 313 2509 qua
331 2463 563 2500 auctoritate
584 2462 702 2500 verba
724 2461 998 2500 Demosthenis
1027 2462 1195 2511 ὑμέτεροι
1215 2464 1411 2512 σύμμαχοι
1435 2462 1609 2501 retulisse
1637 2463 1687 2502 ad

227 2520 429 2560 insulanos
448 2530 486 2561 et
506 2523 621 2561 urbes
643 2523 903 2574 Hellesponti,
926 2536 1023 2573 quas
1041 2522 1201 2573 diripiat
1220 2522 1391 2560 Macedo
1410 2524 1533 2571 (ἄγων
1549 2526 1608 2561 καὶ
1626 2527 1687 2576 φέ-

231 2583 333 2633 ρων).
389 2582 530 2634 Neque
559 2584 674 2622 etiam
704 2584 743 2623 in
773 2598 885 2636 seqq.
915 2585 1203 2623 Demosthenes
1234 2584 1283 2622 de
1312 2591 1419 2623 certa
1449 2585 1616 2635 quadan
1645 2599 1686 2624 ω

229 2643 327 2694 ogit,
344 2643 458 2693 cujus
479 2645 738 2695 patrocinium
753 2647 1014 2693 commendet,
1031 2646 1099 2684 sed
1121 2647 1300 2685 hortatur
1315 2659 1422 2691 suos,
1441 2652 1482 2684 ut
1496 2647 1687 2686 desistant

233 2702 283 2741 de
303 2705 464 2754 segnitie
485 2711 524 2744 et
543 2706 788 2746 decretorum
809 2719 928 2746 mora.
983 2707 1222 2758 Quanquam
1253 2707 1354 2746 hanc
1381 2707 1685 2757 explicandim·

231 2765 376 2804 tionem
405 2779 481 2804 non
511 2769 864 2808 commodissimam
883 2769 1061 2816 dixerim,
1079 2775 1208 2808 tamen
1236 2769 1330 2809 mihi
1349 2768 1398 2806 de
1427 2769 1498 2806 hac
1518 2781 1557 2806 re
1576 2769 1686 2819 cogi-

232 2827 341 2865 tandi
365 2827 431 2866 ina
449 2827 509 2866 vei
536 2827 627 2866 inde
655 2830 803 2879 aliquid
831 2830 1177 2869 commendationis
1206 2830 1348 2868 habere
1369 2829 1448 2866 visa
1478 2835 1551 2874 est,
1576 2830 1683 2879 quod

231 2895 361 2927 orator
380 2903 456 2928 rem
479 2891 626 2941 quippe
652 2892 744 2929 satis
765 2899 893 2931 notam
915 2893 964 2931 de
986 2893 1174 2930 industria
1200 2891 1326 2929 verbis
1360 2891 1581 2929 describere
1613 2904 1682 2929 no-

231 2949 312 2995 luit,
336 2950 546 3002 Dionysius
564 2964 653 2990 vero
672 2953 871 3002 cognovit,
894 2954 993 2991 heire
1014 2965 1171 2991 causam
1190 2952 1323 2998 fuisse,
1345 2964 1460 3002 quam
1488 2952 1590 3003 apud
1613 2964 1680 3002 po-
