1824 3171
102 258 176 297 Pag.

103 320 178 356 103

102 382 177 418 113

102 442 176 481 117

97 565 173 600 118

95 626 172 662 122

96 687 172 724 123

93 830 173 837 0——

99 871 173 908 128

97 934 174 970 130

99 995 179 1031 132

96 1057 172 1093 133

96 1116 171 1156 137

93 1179 170 1215 149

92 1239 168 1275 158

92 1302 167 1337 163

86 1384 166 1393 -η-

87 1444 166 1452 ——-·

90 1487 165 1524 164·

91 1588 168 1649 172

90 1672 166 1711 174

88 1794 165 1834 179

550 146 628 184 ΑΙ)
659 144 1117 185 DEMOSTHENEM.
1469 148 1554 186 ccix

222 268 312 288 versu

264 321 278 355 l
312 318 386 354 οὐκ.

236 382 283 416 14
312 376 493 432 εὐθενεῖν]
521 378 697 424 εὐθηνεῖν.

234 442 282 478 12
310 439 423 490 ὑμᾶς]
443 443 559 489 ὑμεῖς.

232 505 280 540 15
309 504 333 538 ἃ
349 501 397 539 de
417 514 503 540 meo
522 501 665 549 addidi,
686 502 776 541 item

231 565 278 600 13
309 561 376 601 δεῖ.

229 627 277 662 16
306 623 464 676 τούτων]
494 630 637 664 τοῦτον.

227 686 278 727 27
308 688 481 739 πρότερον
501 687 584 731 δούς
603 687 803 726 ποτίόαιαν
819 685 1040 734 ἐξηπάτησε]
1058 689 1134 726 duo
1148 696 1342 739 postrema
1362 687 1548 726 vocabula

359 749 589 800 transposui.

227 829 278 837 --
306 807 461 859 ὑπάγει]
479 810 676 859 ὑπάγεται.

255 874 280 911 6
309 871 450 924 ἅπασι]
473 874 499 910 ἅ
518 878 625 910 πᾶσι.

253 935 278 971 5
308 935 356 976 ὡς
377 933 519 972 addidi.

233 994 283 1034 27
313 995 345 1031 εἷ
365 1011 398 1032 τι
418 993 578 1043 γένοιτο]
595 998 626 1033 εἰ
648 999 827 1043 γίγνοιτο.

255 1058 280 1093 9
309 1054 534 1108 δυνήσεσθε]
563 1056 802 1102 δυνήσεσθαι,

253 1118 278 1153 2
307 1116 422 1164 ἄξιος]
443 1118 554 1162 ἄξιον.

251 1177 275 1217 7
304 1178 342 1214 αἱ
364 1177 508 1215 addidi.

224 1239 276 1276 26
306 1240 530 1292 φροντίσας]
550 1242 754 1291 φροντίσαι.

250 1302 275 1338 9
305 1299 385 1347 τὸν]
401 1303 487 1339 τῶν.

222 1363 271 1399 12
300 1360 507 1413 φάσκοντα]
528 1363 698 1414 φάσκειν.

223 1426 271 1462 18
303 1423 540 1474 σῦμπαντας]
565 1429 741 1472 πένητας.

247 1488 273 1524 9
301 1484 393 1523 ὅταν
409 1485 448 1523 τὸ
469 1486 543 1524 ἀπὸ
563 1489 636 1524 τῶν
656 1487 786 1524 κοινῶν
804 1485 910 1540 ἔθος]
929 1487 1021 1526 ὅταν
1040 1489 1113 1526 ἀπὸ
1135 1494 1209 1527 τῶν
1231 1497 1359 1528 κοινῶν
1380 1491 1419 1528 τὸ
1441 1490 1540 1534 ἔθος,

224 1549 272 1585 16
302 1547 456 1596 τούτων]
477 1548 604 1600 τούτῳ.
1118 1542 1122 1546 ”

225 1609 272 1649 17
302 1609 364 1645 καί
384 1625 438 1652 τις
459 1609 551 1660 ὑπὲρ
570 1607 777 1656 Φιλίππου]
810 1623 1024 1661 pronomen
1044 1611 1167 1649 omisi„

248 1673 272 1709 5
302 1669 476 1721 πρέσβεις
495 1674 555 1708 καὶ
574 1677 651 1715 τοῖς
671 1669 820 1718 ἄλλοις]
840 1673 948 1710 omisi
968 1677 1043 1711 καί.

246 1735 269 1770 8
298 1733 569 1786 ὑπομνήματα]
591 1735 804 1785 ὑπόμνημα.

221 1797 270 1833 10
298 1794 410 1846 ὑμᾶς]
431 1796 544 1844 ἡμᾶς.
603 1795 776 1834 Sufficiat
794 1796 867 1834 hoc
888 1797 976 1835 loco
997 1797 1117 1836 semel
1146 1811 1214 1849 pro
1236 1811 1389 1850 semper
1408 1813 1542 1838 monu=

353 1856 441 1903 isse,
474 1870 536 1894 me
570 1858 856 1909 quamplurimis
885 1860 925 1897 in
957 1860 1054 1898 locis
1090 1861 1316 1899 auctoritate
1350 1875 1438 1900 mea
1468 1863 1541 1900 ista

353 1918 431 1956 duo
461 1919 686 1970 pronomina
705 1934 766 1958 nos
785 1927 824 1959 et
848 1934 910 1959 *cos
935 1921 1031 1959 inter
1060 1935 1102 1959 se
1130 1930 1380 1973 permutasse.
1439 1924 1541 1962 Satis

352 1979 509 2030 dignum
530 1994 606 2019 non
628 1981 734 2028 duxi,
756 1995 909 2034 quoque
927 1983 1027 2030 loco,
1046 1983 1109 2021 ubi
1129 1984 1220 2032 feci,
1241 1984 1280 2022 id
1300 1984 1484 2024 indicare.

219 2044 267 2079 21
299 2039 390 2078 ὅταν
409 2046 588 2095 μέγιστα]
608 2043 819 2095 interposui
838 2048 898 2083 τά.

245 2104 270 2143 7
299 2104 361 2140 οὒκ
380 2102 428 2140 de
449 2117 535 2142 meo
554 2104 699 2143 addidi.

206 2166 265 2202 vll
298 2163 493 2214 πράττητε]
513 2165 729 2215 πράττηται.

244 2227 268 2267 7
298 2227 469 2265 τάλαντα
488 2225 571 2274 τὴν]
591 2227 800 2280 interposui
820 2229 878 2268 τά.

247 2291 264 2326 l
297 2290 429 2337 λόγον,
450 2290 494 2326 ὃν
510 2289 655 2340 μέλλω]
674 2293 791 2339 λόγον
808 2292 973 2342 μέλλωιέ

220 2352 267 2388 15
297 2350 568 2403 χρησμῳδοῖεν]
585 2352 810 2404 χρησμῳδοί.

218 2414 266 2450 16
296 2414 556 2461 εἰσενέγκαιεν,
588 2415 674 2451 ἀλλ’
704 2414 776 2451 οὐδ’
801 2415 849 2452 ἂν
875 2414 1040 2461 ὃείξαιεν,
1066 2416 1138 2453 οὐδ’
1165 2417 1213 2455 ἂν
1241 2416 1535 2467 ὁμολογήσαιεν]

350 2477 611 2523 εἰσενέγκαιεν,
633 2475 706 2513 οὐδ’
724 2477 771 2514 ἂν
792 2475 958 2522 &elzate-v,
980 2479 1065 2514 ἀλλ’
1084 2478 1157 2515 οὐδ’
1176 2480 1224 2516 ἂν
1243 2479 1533 2529 ὁμολογήσαιεν.

219 2538 266 2574 18
296 2538 367 2591 οὐχ
388 2535 514 2575 ἱκανὸν
534 2536 635 2589 δοίη]
657 2539 728 2590 οὐχ
746 2537 837 2576 ἑκὼν
856 2539 904 2576 ἂν
924 2538 1017 2585 δοίη.

241 2600 265 2636 6
295 2598 342 2636 ἂν
360 2597 503 2637 addidi.

218 2662 266 2698 19
295 2660 565 2712 ἀναλύσονται]
584 2663 858 2701 α’ναλύσωνται.

205 2719 274 2758 ult.
295 2725 360 2758 νῦν
379 2722 623 2773 ἁμαρτόντες]
640 2722 845 2774 interposui
865 2725 949 2776 οὐχ.

243 2784 266 2822 7
297 2784 370 2819 τῶν
389 2783 594 2832 λεγόντων]
613 2784 718 2822 τῶνδ’
738 2786 814 2833 ἐγὼ
833 2789 920 2825 τῶν.

218 2844 268 2879 23
298 2845 356 2880 καὶ
375 2843 455 2891 τὸν]
475 2848 570 2883 κατὰ
589 2848 665 2884 τόν.

245 2905 268 2941 5
300 2904 425 2952 τῶνδε,
446 2905 521 2956 καὶ]
549 2905 759 2958 interposui
779 2915 864 2948 τῶν.

138 2981 231 3008 voL.
261 2984 290 3008 1.
824 2982 849 3016 2
870 2979 895 3015 d
