1824 3171
453 151 534 188 AD
564 150 725 189 SUUM
754 149 1048 188 DEMOSTH.
1079 150 1366 193 PRAEFATT.
1592 157 1628 195 lv

190 253 384 304 probares,
400 252 459 290 vel
479 252 724 304 improbares,
736 266 852 304 quam
869 261 935 291 aut
955 266 1002 291 ex
1022 253 1342 294 obtrectatoribus
1356 256 1489 294 alienae
1507 258 1629 296 laudis

189 322 230 352 et
257 313 463 358 industriae,
492 320 557 352 aut
584 327 633 352 ex
662 315 959 353 assentatoribus
979 317 1156 366 (quorum
1186 316 1261 354 utri
1287 318 1521 357 molestiores
1541 321 1631 357 mihi

189 376 276 420 sint,
306 375 409 413 haud
435 375 548 414 facile
577 376 770 425 dixerim),
798 384 945 414 mature
975 391 1263 428 cognoscerem,
1293 386 1344 425 et,
1370 393 1437 430 pro
1455 380 1550 418 virili
1570 384 1629 419 vel

188 436 438 487 praetermissa
459 437 683 487 adjicerem,
705 438 766 476 vel
791 451 1026 489 supervacua
1044 453 1274 486 resecarem,
1294 442 1353 478 vel
1383 442 1505 480 minus
1531 443 1633 481 bella

188 498 432 548 corrigerem,
452 506 565 549 atque
585 499 746 537 confusa
774 499 812 536 in
843 507 988 537 certum
1009 501 1181 539 ordinem
1212 502 1438 552 redigerem.
1494 503 1633 553 Neque

188 559 290 597 enim
307 559 337 597 is
358 573 432 610 ego
452 573 549 605 sum,
566 561 631 610 qui
652 560 704 598 ita
720 560 809 597 mihi
828 561 1016 611 placeam,
1036 570 1090 608 ut,
1112 563 1203 613 quid
1222 564 1284 601 alii
1305 565 1354 601 de
1373 577 1434 602 me
1455 565 1633 609 sentiant,

186 634 325 672 susque
353 621 477 672 deque
496 621 639 661 feram:
675 622 744 660 sed
773 629 812 660 et
841 623 1141 661 imbecillitatem
1160 625 1301 674 ingenii
1322 625 1409 670 mei,
1431 624 1633 663 doctrinae-

187 697 262 735 que
282 684 511 722 tenuitatem
530 685 622 722 satis
649 697 844 735 agnosco:
878 691 917 721 et
945 685 982 722 in
1010 686 1210 723 sententiis
1237 699 1381 731 eorum,
1401 686 1465 736 qui
1484 687 1633 724 acutius

186 746 318 784 vident
337 759 384 783 ac
403 746 546 784 rectius
564 746 749 794 judicant,
775 745 898 783 libens
918 747 1137 798 acquiesco.
1194 748 1279 785 Etsi
1299 748 1397 786 enim
1424 761 1485 786 me
1514 762 1634 786 unum

184 809 242 860 (ut
270 808 346 846 fert
377 816 513 846 natura
545 809 719 846 omnibus
750 808 896 855 insitus,
929 823 1007 847 non
1035 823 1163 848 caecus
1191 810 1327 862 magis,
1357 824 1469 861 quam
1496 825 1633 862 pravus

184 882 292 908 amor
319 870 392 918 sui)
420 870 637 921 perspicere
669 871 796 909 omnia
821 878 860 908 et
890 870 1085 910 collimare
1115 873 1278 910 maxime
1297 873 1457 910 vellem:
1490 880 1633 919 tamen,

187 945 277 969 cum
296 945 463 969 summos
483 932 580 970 viros
600 939 639 970 et
657 935 796 972 veteris
816 940 856 971 et
874 940 1012 971 nostrae
1031 934 1238 979 memoriae,
1259 947 1282 972 a
1307 934 1474 985 plurimis
1494 942 1533 972 et
1552 935 1635 986 plu-

186 992 292 1031 ribus
312 994 348 1030 in
363 994 457 1032 locis
473 994 702 1045 reprehendi
724 995 885 1041 videam,
905 995 1099 1033 admoneri
1118 1008 1181 1033 me
1202 996 1249 1033 ab
1268 995 1476 1046 ingeniosis
1497 1004 1536 1033 et
1551 1009 1636 1034 eru-

186 1055 275 1093 ditis
294 1056 508 1093 hominibus
528 1056 649 1093 multo
675 1064 715 1094 et
732 1057 929 1095 honestius
959 1063 998 1094 et
1023 1057 1150 1094 utilius
1170 1070 1253 1095 esse
1271 1058 1419 1105 judico,
1446 1071 1560 1108 quam
1586 1059 1634 1096 ab

184 1116 322 1154 invidis
338 1124 377 1153 et
394 1116 552 1154 morosis
572 1118 794 1156 censoribus
817 1117 1095 1168 Hipponacteis
1110 1118 1311 1168 praeconiis
1333 1119 1532 1157 celebrari.
1589 1120 1634 1157 In

182 1190 260 1228 quo
278 1191 422 1228 genere
440 1179 493 1215 ita
511 1178 580 1216 sibi
600 1176 783 1217 adversus
804 1192 864 1217 me
883 1192 961 1216 non
980 1179 1095 1229 pauci
1114 1192 1188 1216 nec
1207 1179 1355 1217 indocti
1383 1180 1557 1218 homines
1577 1180 1634 1217 in·

184 1239 396 1286 dulserunt,
417 1246 460 1278 ut
477 1240 721 1279 aemulatione
742 1248 782 1278 et
801 1242 935 1279 morbo
956 1241 1069 1278 animi
1095 1241 1259 1291 impulsi,
1280 1254 1356 1279 non
1385 1249 1533 1279 tantum
1552 1255 1631 1279 mo·

185 1302 334 1347 destiae,
358 1309 400 1339 et
417 1301 560 1353 gratiae,
588 1302 688 1340 bene
708 1302 757 1340 de
777 1315 819 1340 se
840 1315 991 1354 quoque
1020 1302 1155 1340 merito
1174 1302 1314 1340 debitae
1334 1302 1633 1350 (lucubrationes

184 1363 287 1401 enim
306 1376 423 1408 meas,
444 1371 486 1401 ut
512 1363 659 1415 opinor,
689 1377 766 1401 non
792 1370 940 1401 tantum
971 1364 1280 1415 reprehendendi
1310 1365 1433 1414 gratia
1451 1371 1528 1402 tam
1548 1365 1631 1402 dili-

185 1432 322 1475 genter
350 1425 897 1476 legerunt)obliviscerentur,
932 1425 1001 1462 sed
1032 1425 1225 1462 atrocibus
1256 1425 1368 1463 etiam
1395 1425 1538 1475 injuriis
1571 1439 1633 1463 me

183 1492 403 1532 onerarent,
423 1499 516 1537 quas
536 1500 611 1537 ego
632 1487 720 1525 Deo
742 1490 846 1536 justo
868 1487 992 1535 judici
1012 1487 1258 1524 vindicandas
1277 1487 1461 1538 relinquo,
1483 1500 1634 1525 eorum-

183 1561 259 1598 que
275 1548 440 1586 candore
459 1561 521 1585 me
542 1548 731 1595 consolor,
751 1548 815 1599 qui
841 1555 880 1585 et
899 1549 1000 1586 bene
1020 1548 1133 1586 dictis
1155 1549 1330 1599 gratiam,
1351 1556 1390 1586 et
1416 1549 1548 1586 erratis
1569 1562 1633 1587 ve·

179 1610 285 1656 vniam
309 1622 333 1648 a
353 1623 395 1648 se
413 1618 585 1661 paratam
610 1623 695 1649 esse
724 1611 816 1648 mihi
847 1611 1059 1648 voluerunt.
1114 1611 1221 1653 Quos
1249 1610 1366 1661 longe
1399 1611 1527 1661 plures
1549 1623 1632 1648 esse

184 1671 306 1710 Zoilis
330 1672 522 1719 (meliores
550 1672 704 1722 quidem
733 1685 818 1710 esse
840 1672 937 1709 viros
957 1672 1040 1722 quis
1060 1672 1211 1710 dubitet
1221 1672 1251 1718 ἲ)
1269 1672 1472 1709 multorum
1497 1679 1536 1709 et
1556 1672 1632 1722 pri-

181 1733 298 1772 vatim
319 1734 370 1771 ad
389 1747 452 1772 me
467 1733 619 1784 scriptae
635 1733 767 1779 literae,
791 1742 829 1772 et
849 1734 884 1770 in
901 1734 1096 1785 publicum
1117 1733 1207 1771 editi
1228 1733 1312 1770 libri
1325 1740 1527 1770 testantur.
1575 1734 1631 1770 Ac

181 1796 267 1835 illos
285 1796 387 1848 ipsos
409 1796 538 1834 Zoilos
553 1795 650 1833 'nihil
670 1809 786 1846 posse
815 1795 949 1833 afferre
978 1795 1127 1841 melius,
1148 1795 1219 1833 sed
1245 1808 1295 1833 ex
1316 1794 1447 1831 Wolfii
1466 1794 1631 1832 insecta-

181 1858 287 1896 tione
313 1857 454 1896 famam
483 1857 676 1908 aucupari,
706 1865 747 1894 ut
776 1857 839 1895 ille
864 1858 968 1904 fecit,
986 1858 1052 1908 qui
1074 1856 1251 1908 Ephesiae
1278 1857 1417 1894 Dianae
1445 1857 1630 1908 templum

182 1921 369 1967 incendit,
389 1920 482 1958 illud
500 1933 576 1958 non
596 1920 730 1966 innuit,
750 1921 820 1958 sed
839 1921 990 1967 clamat,
1011 1920 1116 1970 quod
1140 1920 1239 1957 intra
1267 1932 1386 1957 annos
1415 1920 1630 1958 octodecim

183 1995 272 2020 mea
298 1982 570 2032 qualiscunque
601 1981 801 2019 conversio
832 1982 994 2020 Basileae
1022 1981 1095 2028 bis,
1124 1980 1296 2018 Venetiis
1316 1981 1435 2018 semel
1466 1980 1568 2019 edita
1593 1990 1633 2019 et

183 2043 380 2087 distracta,
407 2042 634 2092 jampridem
662 2055 686 2080 a
713 2043 889 2081 studiosis
916 2044 965 2081 de
985 2044 1135 2092 integro
1154 2041 1361 2091 flagitatur.
1419 2042 1498 2079 Cur
1516 2042 1630 2092 igitur

181 2105 245 2142 isti
265 2104 389 2142 Attici
417 2111 456 2142 et
475 2103 720 2142 Ciceroniani
750 2112 920 2141 oratores
950 2117 1048 2148 eam,
1078 2117 1193 2154 quam
1220 2104 1274 2141 ita
1297 2111 1561 2151 contemnunt,
1588 2112 1632 2142 ut

182 2166 283 2204 infra
311 2179 443 2204 omnes
472 2165 620 2203 infimos
648 2165 822 2203 homines
850 2165 1093 2216 interpretem
1115 2165 1307 2213 abjiciant,
1330 2173 1369 2202 et
1401 2166 1554 2203 sceleris
1583 2179 1630 2204 ac

180 2228 371 2279 saerilegii
385 2241 492 2266 reum
510 2234 641 2277 agant,
659 2227 763 2264 edita
777 2227 933 2264 meliore
954 2239 1031 2264 non
1051 2226 1216 2263 tollunt?
1245 2226 1378 2263 Meam
1398 2226 1632 2264 enim'inter-

180 2290 434 2341 pretationem
462 2289 594 2339 quanti
612 2288 784 2326 facerem
811 2288 904 2339 ipse,
930 2291 1011 2336 jam
1040 2287 1129 2325 olim
1160 2294 1200 2326 et
1218 2288 1391 2325 versibus
1423 2296 1462 2326 et
1490 2290 1629 2339 praefa-

181 2351 349 2389 tionibus
375 2350 656 2389 modestissime
685 2350 834 2401 scriptis
862 2363 944 2387 sum
974 2356 1162 2388 testatus:
1194 2364 1317 2400 neque
1338 2350 1427 2387 mihi
1447 2363 1520 2401 ego
1540 2365 1629 2389 cum

181 2411 355 2451 Isocrate
376 2419 414 2450 et
442 2412 589 2450 caeteris
615 2411 770 2450 summis
799 2411 1022 2457 oratoribus,
1042 2411 1289 2462 philosophis,
1310 2411 1513 2458 historicis,
1533 2426 1627 2463 quos

181 2474 319 2512 latinos
339 2473 425 2521 feei,
447 2473 679 2524 eloquentiae
705 2480 899 2511 certamen
917 2472 1061 2510 institui
1083 2472 1140 2524 (id
1159 2473 1261 2523 quod
1280 2473 1470 2511 manifesti
1490 2473 1627 2511 furoris

183 2538 313 2583 esset),
333 2548 458 2586 neque
480 2535 621 2573 Graeca
640 2535 873 2586 exemplaria
892 2534 942 2572 de
969 2533 1142 2572 manibus
1162 2534 1416 2572 studiosorum
1447 2542 1630 2572 excutere

182 2597 307 2636 volui:
335 2597 405 2635 sed
424 2597 519 2634 illud
538 2596 693 2635 efficere
711 2603 870 2635 conatus
891 2609 988 2641 sum,
1009 2602 1062 2641 ut,
1084 2609 1177 2646 quos
1203 2595 1250 2633 ab
1276 2595 1319 2633 iis
1345 2595 1518 2646 legendis
1538 2595 1630 2632 diffi-

179 2660 330 2698 cultatis
351 2659 479 2710 opinio
505 2659 730 2704 deterreret,
750 2658 912 2696 audacia
932 2658 969 2695 in
998 2656 1263 2695 transferendo
1291 2670 1377 2694 mea
1404 2658 1627 2707 (agnoscam

183 2720 295 2766 enim,
313 2720 344 2757 si
362 2719 442 2758 istis
461 2719 514 2758 ita
533 2720 676 2771 placet,
697 2719 840 2757 crimen
856 2719 944 2766 hoc)
964 2718 1208 2756 confirmaret
1227 2725 1267 2755 et
1286 2718 1494 2766 adjuvaret.
1551 2718 1630 2754 Ne-

181 2794 254 2832 que
278 2794 406 2819 meum
435 2789 616 2819 conatum
635 2780 751 2819 fuisse
781 2780 942 2826 irritum,
965 2793 1096 2818 omnes
1127 2779 1333 2818 Christiani
1364 2779 1466 2817 orbis
1489 2779 1627 2817 acade-

182 2843 280 2888 miae,
301 2856 349 2880 ne
369 2843 544 2881 Gadibus
563 2842 715 2894 quidem
735 2842 921 2893 exceptis,
943 2849 1144 2888 testantur,
1164 2854 1237 2879 nec
1257 2841 1540 2892 proscriptionis
1560 2840 1627 2876 ini-

183 2904 372 2955 quissimae
400 2905 533 2954 injuria
559 2905 655 2944 meis
685 2918 708 2944 a
731 2904 1060 2944 lucubrationibus
1085 2903 1261 2955 legendis
1290 2903 1492 2941 deterritae.
1550 2902 1626 2951 By-
