1824 3171
543 183 620 221 AD
651 182 1113 222 DEMOSTHENEM.
1392 183 1546 221 clxxxix

96 289 216 327 varias
244 287 428 327 lectiones
448 285 498 323 ad
518 284 633 322 vitam
661 285 700 323 S.
723 285 833 323 Pauli
854 284 1033 322 Eremitae
1062 297 1083 322 e
1114 282 1248 322 codice
1267 284 1353 321 msti
1376 284 1544 335 Capituli

97 349 328 388 Veronensis
347 361 369 386 a
388 360 430 385 se
451 346 670 396 diligentius
689 346 877 398 inspecto,
898 347 1086 396 meliores,
1106 358 1219 396 quam
1239 359 1289 382 ex
1310 346 1445 382 codem
1475 359 1541 384 co-

99 412 185 450 dice
205 409 413 448 Vallarsius
435 415 549 445 antea
576 408 700 446 minus
730 409 935 447 emendate
964 409 1156 447 edidisset.
1177 408 1303 445 nobile
1323 409 1546 458 exemplum

98 474 166 510 dat
181 473 287 509 locus
306 470 403 507 Livii
434 469 481 506 L.
502 469 612 507 XLI.
641 483 727 520 cap.
745 474 783 509 9.
803 483 825 508 a
843 471 1031 507 Lambino
1062 469 1300 515 emendatus,
1322 469 1371 506 de
1390 482 1479 519 quo,
1507 483 1545 507 v.

101 534 149 572 T.
171 533 259 572 VII.
277 532 376 569 Livii
396 530 667 582 Drakenborg.
687 546 726 582 p.
745 535 837 570 223.
858 536 950 570 224.
984 532 1161 570 Occurrit
1180 531 1295 569 etiam
1314 531 1435 568 simile
1453 531 1545 581 quid

99 593 305 632 Wetstenii
331 593 604 644 prolegomena
632 594 682 631 ad
702 594 752 631 N.
773 594 822 632 T.
851 594 1008 645 legenti.
1067 593 1146 631 Sed
1171 593 1280 630 locus
1314 606 1335 629 e
1364 593 1546 630 memoria

98 655 261 703 excidit,
282 667 407 705 neque
426 668 529 692 nunc
558 654 748 705 inquirere
767 663 893 694 vacat.
945 656 1150 698 Quomodo
1180 655 1303 693 codex
1331 654 1395 692 hic
1415 655 1549 704 Augu-

97 724 196 754 stam
228 715 429 766 pervenit?
472 716 595 753 Haud
627 724 787 754 constat.
845 717 1086 755 Conveniunt
1118 717 1216 753 inter
1249 729 1290 753 se
1322 715 1546 766 plerumque

102 778 200 827 Aug.
230 790 286 827 pr.
311 776 428 814 Paris.
448 777 604 827 primus,
624 778 842 815 Vindobon.
872 778 1169 816 Wolfenbuttel.
1192 778 1450 828 Hadeyanus,
1472 778 1547 815 Ba-

100 838 313 884 roccianur„
334 839 372 875 in
392 839 518 876 multis
537 846 665 876 tamen
687 853 815 877 rursus
831 840 929 878 inter
949 853 1035 878 sese
1055 840 1286 891 discrepant,
1305 847 1345 877 ut
1364 852 1442 876 nou
1461 852 1550 890 pos·

100 901 176 939 sint
191 913 321 938 omnes
337 900 385 938 ab
406 913 481 937 uno
498 901 635 938 codem
655 901 760 939 fonte
776 915 964 940 manasse.

629 1121 795 1163 SECT.
828 1121 1020 1163 XVIII.

476 1254 537 1291 De
558 1252 748 1291 Coclicz‘hus
768 1253 997 1304 Augustanis
1026 1252 1185 1302 reliquis.

158 1376 301 1415 Vnmo
321 1389 424 1415 nunc
446 1376 496 1414 ad
517 1377 804 1427 Augustanum‚
833 1387 946 1425 quem
969 1372 1183 1411 secundum
1204 1370 1396 1422 appellitO.
1419 1370 1483 1422 qui
1504 1371 1553 1408 si-

104 1445 245 1489 gnatus
265 1445 345 1476 erat
372 1453 410 1490 p.
427 1441 491 1480 76.
513 1453 552 1478 n.
572 1443 633 1477 11.
654 1438 838 1477 Continet
865 1437 927 1474 hic
956 1435 1096 1480 codex,
1128 1434 1289 1485 primum
1316 1433 1555 1483 Stephanum

107 1500 364 1551 Byzantinum
384 1514 430 1537 ex
451 1501 619 1538 editione
638 1500 750 1545 Aldi;
779 1507 860 1536 tum
881 1496 1156 1535 Demosthenis
1179 1494 1441 1545 Olynthiacas‚
1465 1493 1556 1530 Phi-

106 1562 281 1613 lippicaS‚
298 1562 504 1612 suasorias,
521 1563 569 1599 de
589 1575 743 1607 corona,
766 1568 805 1599 et
819 1561 866 1598 de
883 1560 978 1597 falsa
996 1558 1206 1609 legatione.
1233 1556 1372 1593 Codex
1391 1555 1556 1605 scriptus

105 1630 163 1661 est
193 1623 295 1661 circa
322 1624 424 1661 idem
455 1632 619 1675 tempus,
639 1638 714 1675 quo
747 1622 872 1660 Aldus
909 1621 1145 1671 Stephanum
1178 1626 1217 1657 et
1246 1618 1556 1656 Demosthenem

108 1684 240 1729 edidit,
266 1693 529 1723 verumtamen
558 1699 634 1723 non
665 1698 714 1723 ex
736 1684 824 1721 Aldi
844 1683 1023 1733 exemplo
1051 1682 1252 1732 impresso.
1285 1680 1425 1717 multas
1455 1679 1558 1716 enim

106 1751 215 1783 tenet
238 1746 427 1784 lectiones
453 1747 500 1784 ab
523 1746 668 1784 Aldino
689 1745 872 1783 diversas.
894 1745 1022 1782 codex
1043 1750 1102 1781 est
1122 1750 1222 1780 notae
1242 1754 1368 1791 neque
1391 1740 1559 1791 optimae,

107 1820 233 1858 neque
253 1807 440 1858 pessimae.
461 1821 522 1845 me
542 1815 650 1845 certe
671 1821 747 1845 non
776 1806 954 1858 poenituit
984 1819 1072 1844 eum
1103 1804 1323 1843 contulisse.
1382 1802 1558 1852 Scriptus

108 1876 167 1906 est
185 1869 223 1905 in
240 1869 353 1907 Italia
371 1882 394 1908 a
413 1870 586 1920 graeculo
606 1869 786 1920 quodam.
843 1867 952 1918 Coepi
971 1867 1085 1916 hujus
1101 1865 1347 1905 collationem
1367 1863 1450 1901 d.l.
1466 1862 1558 1900 Oct.

111 1931 228 1971 1766.
248 1930 392 1968 absolvi
413 1931 450 1968 d.
468 1932 529 1971 17.
552 1931 667 1968 Febr.
689 1931 805 1970 1767.

152 1991 326 2029 Tertium
338 1993 608 2042 Augustanum
630 1991 784 2043 appello
803 2003 905 2035 eum,
923 1989 988 2041 qui
1003 1986 1178 2038 Catalogi
1193 1985 1433 2025 Reusnerani
1452 1987 1561 2036 p.77.

109 2066 149 2090 n.
165 2055 202 2091 2.
216 2053 387 2103 signatus
407 2061 478 2099 est,
499 2061 538 2091 et
559 2053 809 2104 Olynthiacas
829 2058 868 2090 et
888 2051 1123 2102 Philippicas
1148 2062 1258 2100 poene
1279 2056 1387 2085 tenet
1415 2060 1561 2086 omnes.

112 2114 258 2151 namin
280 2121 375 2152 orat.
403 2115 588 2152 adversus
619 2114 785 2164 Philippi
813 2113 1018 2164 epistolam
1050 2126 1088 2162 p.
1105 2115 1170 2150 90.
1185 2114 1250 2149 25.
1271 2110 1310 2146 in
1328 2123 1423 2166 voce
1450 2109 1562 2152 αὐτὸς

112 2174 325 2213 desinebat.
347 2175 469 2213 codex
488 2189 566 2213 non
587 2175 715 2225 magni
734 2175 950 2219 faciendus,
981 2174 1028 2210 ab
1057 2173 1226 2217 indocto,
1253 2171 1386 2222 supino
1408 2179 1447 2208 et
1467 2171 1562 2209 obli-

111 2236 217 2273 vioso
242 2236 394 2274 librario
415 2244 608 2282 exaratus,
629 2249 743 2274 manu
776 2235 952 2273 sordida:
985 2234 1141 2272 Scholia
1170 2233 1346 2284 quaedam
1373 2233 1566 2284 adscripta

112 2297 249 2348 passim
266 2305 375 2335 erant
390 2298 426 2335 in
446 2299 683 2349 marginibus
699 2298 847 2348 liquore
862 2298 986 2342 rubro,
1004 2297 1073 2334 sed
1093 2296 1146 2333 ita
1165 2295 1308 2347 pallido
1329 2303 1368 2333 et
1388 2295 1564 2341 evanido,

114 2366 156 2396 ut
178 2359 252 2409 legi
269 2360 481 2410 nequirent.
537 2360 782 2398 Orationibus
813 2359 1041 2411 quibusdam
1070 2359 1246 2406 subjecta
1276 2364 1386 2395 erant
1417 2357 1565 2395 scholia

113 2433 164 2458 ex
186 2420 385 2471 Ulpianeis
406 2428 601 2472 excerpta,
622 2427 836 2460 atramento
863 2420 1018 2472 scripta,
1046 2420 1185 2458 eodem
1216 2426 1348 2457 tenore
1370 2433 1458 2457 cum
1479 2419 1566 2456 reli-

117 2495 192 2533 quo
213 2495 376 2534 corpore
397 2482 623 2521 orationum.
681 2484 819 2521 Parum
839 2482 931 2520 mihi
950 2482 1095 2534 profuit
1112 2481 1176 2519 hic
1196 2481 1337 2526 codex,
1360 2481 1423 2532 qui
1442 2481 1566 2518 nullas

115 2543 316 2590 lectiones,
337 2545 456 2583 bonas
475 2545 644 2594 quidem,
676 2545 880 2595 suggessit,
913 2557 1006 2595 quas
1037 2544 1076 2581 in
1106 2543 1186 2581 aliis
1216 2557 1293 2581 non
1323 2543 1566 2593 reperissem.

120 2605 198 2643 Sed
216 2606 315 2644 idem
336 2613 443 2644 tanto
463 2607 554 2643 mihi
574 2607 696 2645 carior
714 2607 798 2652 fuit,
816 2606 918 2658 quod
938 2606 1060 2657 prima
1079 2619 1166 2657 pars
1183 2606 1296 2654 hujus
1316 2604 1464 2643 codicis
1484 2605 1567 2656 ple-

118 2679 233 2717 raque
253 2675 359 2706 tenet
380 2668 559 2707 Aristidis
580 2668 740 2706 mirifice
760 2668 932 2719 pleniora
957 2675 996 2704 et
1026 2667 1301 2711 emendatiora,
1332 2679 1447 2716 quain
1477 2672 1567 2703 sunt

120 2729 351 2779 exemplaria
379 2730 534 2780 vulgata
560 2730 671 2778 hujus
702 2729 883 2775 auctoris,
913 2729 1017 2766 unde
1047 2728 1210 2766 studebo
1233 2727 1394 2765 Aristidi
1415 2740 1568 2778 quoque

121 2789 314 2827 meliorem
344 2791 549 2842 aliquando
570 2792 661 2829 dare
681 2791 869 2836 habitum,
890 2790 920 2828 si
940 2790 1018 2827 vita
1036 2797 1232 2840 suppetet,
1260 2796 1298 2827 et
1319 2789 1413 2826 deus
1442 2796 1568 2838 coepta

122 2849 343 2889 fortunabit.
403 2853 533 2890 Ambo
562 2860 740 2890 auctores
760 2852 813 2897 hi,
835 2851 1022 2889 Aristides
1051 2858 1170 2901 atque
1202 2850 1498 2890 Demosthenes,
1530 2849 1568 2885 in

124 2911 235 2949 Italia
264 2915 406 2951 exarati
435 2922 534 2960 sunt,
567 2915 668 2953 circa
697 2921 872 2966 tempora
904 2913 1099 2952 nascentis
1129 2911 1407 2964 typographioe,
1442 2911 1512 2948 scd
1545 2924 1568 2947 a
