1824 3171
564 171 640 209 AD
667 166 1134 208 DEMOSTHENEM.
1433 164 1570 203 clxxvii

703 322 873 366 SECT.
906 321 999 363 XI.

266 432 326 469 De
354 430 567 468 editionibus
585 430 823 482 singularium
838 431 1039 468 orationum
1053 425 1421 465 Demosthenicarum.

172 534 596 573 COMMEMORANDUM
629 547 730 572 nune
763 542 844 573 erat
874 534 1206 584 judicandumque
1239 532 1289 570 de
1321 528 1569 582 singularium

114 594 329 633 orationum
359 594 748 634 Demosthenicarum
777 595 1001 643 editoribus,
1032 592 1248 644 cujusmodi
1274 593 1432 630 fuerunt
1463 591 1571 628 Dou-

112 667 234 701 naeus,
265 655 478 703 Freindius,
502 656 668 704 Brooke,
699 658 1007 710 Mounteneyus,
1035 664 1074 696 et
1100 655 1320 707 nuperrime
1350 652 1571 692 Harlesius.

111 716 255 754 Verum
274 716 355 754 aliis
383 716 501 763 carui,
524 719 583 769 (ut
612 719 781 757 Freindii
809 719 980 757 editione
1009 718 1191 756 orationis
1220 730 1288 769 pro
1318 716 1476 763 corona)
1504 719 1571 751 aut

109 776 203 815 nihil
229 777 285 814 illi
313 776 402 816 novi
429 778 655 830 attulerunt,
684 787 726 818 ut
754 779 856 818 idem
886 780 1102 825 Freindius,
1131 779 1238 829 quod
1255 777 1428 816 intellexi
1448 788 1496 813 ex
1515 774 1571 812 in-

111 840 312 892 specti0ne
340 842 447 880 brevi
472 842 593 880 libelli
620 844 668 881 ab
696 856 743 882 eo
773 842 877 890 editi,
900 851 940 882 et
958 854 1094 881 vereor
1121 839 1171 879 ne
1197 841 1301 879 idem
1331 841 1381 879 de
1400 837 1572 878 Brookio

108 914 265 952 quoque
284 909 324 940 et
346 902 391 939 M
398 910 619 954 ounteneyo
638 906 686 942 sit
712 905 959 943 statuendum
975 918 986 948 ;
1019 915 1181 955 quorum
1200 901 1352 941 tametsi
1370 901 1420 940 ad
1436 911 1572 939 manus

112 968 242 1000 essent
261 961 457 1013 opuscula,
477 976 613 1014 parum
632 972 762 1003 tamen
777 964 853 1003 illis
868 977 959 1003 usus
978 978 1077 1010 sum,
1094 964 1202 1015 quod
1217 963 1441 1001 viderentur
1457 961 1574 998 bonae

110 1023 232 1074 frugis
251 1036 387 1074 parum
405 1024 606 1063 exhibere.
651 1026 851 1064 Dounaeus
871 1038 1054 1064 onerasse
1074 1024 1381 1064 Demosthenem
1400 1021 1572 1066 scholiis,

107 1084 272 1122 fortasse
292 1097 370 1121 non
384 1097 538 1133 prorsus
558 1084 767 1130 inutilibus,
788 1085 954 1130 videtur,
976 1086 1047 1122 sed
1071 1098 1206 1135 parurn
1226 1085 1276 1122 ad
1295 1097 1380 1122 rem
1399 1082 1572 1121 criticam

110 1145 354 1184 facientibus.
385 1145 581 1191 Harlesio,
599 1146 647 1182 V.
666 1145 711 1184 C.
734 1145 840 1196 apud
861 1145 1137 1195 Coburgenses
1152 1144 1358 1195 professori
1374 1144 1575 1181 literarum

111 1206 380 1245 humaniorum
400 1206 545 1257 optime
564 1206 741 1253 merenti,
761 1220 839 1244 non
857 1219 1015 1258 possum
1035 1206 1180 1251 facere,
1201 1205 1291 1256 quin
1311 1205 1491 1243 hocloco
1506 1217 1575 1255 pu·

112 1268 216 1309 blice
237 1267 380 1318 gratias
410 1281 523 1318 agam
543 1275 583 1306 et
602 1281 672 1319 pro
693 1268 979 1319 elegantissimo
1007 1267 1248 1314 munusculo,
1273 1280 1349 1318 quo
1377 1280 1460 1305 rem
1489 1266 1571 1304 uni·

111 1342 262 1368 versam
291 1327 512 1375 literariam,
541 1329 610 1367 sed
637 1329 909 1368 scholasticam
938 1329 1120 1381 inprimis,
1143 1328 1276 1368 beavit
1303 1328 1457 1367 edenda
1484 1340 1574 1365 cum

113 1391 405 1430 commentariis
425 1391 581 1443 Taylori
600 1391 755 1443 suisque
781 1391 955 1430 oratione
980 1404 1049 1443 pro
1075 1402 1234 1437 corona,
1266 1396 1305 1429 et
1330 1403 1398 1442 pro
1425 1390 1574 1428 honore

112 1453 206 1493 mihi
225 1452 374 1503 habito,
397 1454 462 1504 qui
489 1453 668 1504 dignatus
698 1453 745 1493 sit
765 1454 860 1493 meis
881 1454 931 1492 ad
949 1454 1054 1492 illam
1073 1453 1287 1492 orationem
1307 1451 1578 1490 animadversi·

113 1515 249 1553 onibus
269 1515 397 1552 locum
419 1515 526 1564 dare,
547 1528 673 1566 eoque
693 1523 811 1567 gustu
826 1515 996 1567 quodam
1013 1527 1187 1554 mearum
1206 1514 1245 1552 in
1268 1512 1573 1552 Demosthenem

113 1575 427 1616 lucubrationum
446 1576 546 1615 viros
565 1575 700 1616 doctos
719 1576 911 1616 imbuerit.

684 1726 854 1769 SECT.
887 1725 1007 1769 XII.

537 1833 599 1873 De
627 1830 883 1873 Demosthenis
911 1832 1143 1871 versionibus.

167 1938 428 1980 ANTEQUAM
446 1938 494 1977 ad
515 1938 670 1978 codices
689 1946 809 1979 mstos
834 1939 950 1978 Dem.
977 1946 1146 1984 transeo,
1165 1935 1270 1989 prius
1290 1936 1340 1974 de
1360 1933 1487 1973 latinis
1514 1931 1568 1971 ἰη-

112 1999 452 2051 terpretationibus
481 2000 733 2050 singularium
763 2000 1005 2052 quarundam
1037 1999 1256 2039 orationum
1293 1998 1408 2036 Dem.
1441 2008 1568 2047 agam.

112 2073 202 2097 nam
235 2060 284 2098 de
311 2060 505 2098 Wolfiana
531 2061 697 2100 universi
726 2062 840 2100 Dem.
869 2062 964 2113 quid
991 2061 1127 2100 attinet
1155 2060 1295 2106 dicere,
1327 2071 1414 2110 quae
1439 2065 1500 2095 est
1531 2057 1572 2093 iu

112 2121 248 2172 vulgus
263 2129 367 2167 nota,
388 2127 426 2159 et
445 2121 494 2159 de
515 2134 591 2173 qua
606 2124 687 2172 jam
706 2136 833 2174 supra,
855 2136 944 2161 cum
964 2122 1014 2160 de
1033 2121 1230 2159 Wolfiana
1249 2119 1419 2158 editione
1435 2129 1570 2168 agere-

111 2175 212 2227 mus,
231 2195 334 2234 saepe
350 2184 676 2222 commemorandi
690 2184 797 2222 locus
818 2190 876 2222 est
896 2183 1022 2222 datus.
1079 2182 1217 2220 Meum
1237 2180 1402 2231 denique
1420 2192 1499 2218 non
1516 2184 1574 2216 est

107 2243 285 2295 judicare
305 2244 354 2282 de
375 2244 567 2291 versione,
588 2258 668 2296 qua
685 2258 796 2296 paene
818 2257 1006 2296 nusquam
1025 2244 1076 2282 ad
1099 2243 1177 2282 hoc
1197 2242 1274 2281 diei
1292 2255 1385 2280 usus
1404 2253 1501 2287 sum,
1533 2246 1572 2278 et

112 2306 301 2344 rarissime
321 2306 466 2356 attingo
493 2306 627 2345 latinas
657 2319 870 2358 graecorum
899 2312 1097 2345 auctorem
1115 2304 1324 2343 versiones.
1380 2302 1574 2341 Universe

110 2381 337 2419 persuasum
355 2367 448 2405 mihi
467 2368 595 2407 habeo
613 2368 755 2407 bonam
776 2381 873 2408 esse.
918 2367 959 2406 Si
978 2367 1097 2406 naevis
1111 2366 1338 2419 quibusdam
1360 2364 1571 2409 obsidetur,

112 2430 255 2481 ecquid
275 2436 332 2468 est
353 2442 483 2468 rerum
501 2430 754 2470 humanarum
774 2430 944 2469 omnium
962 2429 1043 2469 vitii
1062 2442 1204 2481 expers
1219 2428 1239 2465 Ρ
1277 2426 1391 2466 eccui
1409 2426 1474 2464 uni
1493 2432 1572 2463 tam

112 2492 232 2543 longo
260 2492 300 2529 in
331 2505 447 2543 opere
475 2504 642 2531 sommus
670 2506 747 2531 non
775 2491 966 2544 obrepat?
1004 2492 1158 2530 Horum
1177 2490 1295 2542 igitur
1314 2489 1571 2541 interpretum

112 2554 202 2605 quia
219 2566 330 2605 paene
349 2553 443 2591 nihil
462 2566 630 2604 unquam
645 2567 771 2606 neque
791 2554 882 2600 vidi,
900 2566 1028 2605 neque
1047 2552 1240 2605 usurpavi,
1262 2563 1425 2591 necesse
1443 2551 1570 2588 habeo

113 2615 293 2666 quicquid
312 2622 370 2653 est
389 2615 502 2665 hujus
523 2615 666 2654 notitiae
686 2629 735 2654 ex
758 2617 928 2654 Andreae
959 2615 1111 2655 Schotti
1140 2614 1341 2653 Parallelis
1360 2626 1475 2664 supra
1492 2613 1572 2650 lau-

112 2676 212 2713 datis
241 2683 431 2727 repetere,
458 2677 522 2727 qui
546 2690 631 2729 cap.
661 2678 732 2717 VI.
763 2678 813 2716 de
838 2677 1111 2729 interpretibus
1145 2676 1350 2714 Demosth.
1382 2674 1474 2725 egit.
1504 2673 1569 2711 ubi

112 2743 315 2786 postquam
335 2738 384 2775 de
405 2737 598 2776 Wolfiana
618 2739 867 2790 disputasset,
888 2739 943 2777 sic
964 2739 1089 2790 pergit
1106 2749 1116 2776 ε
1156 2738 1325 2788 singulas
1342 2748 1434 2775 vero
1455 2741 1569 2773 antea

115 2797 305 2835 orationes
334 2799 544 2837 exercendi
575 2799 674 2838 forte
707 2801 797 2853 styli
832 2800 970 2852 gratia,
997 2813 1044 2839 ac
1072 2799 1245 2852 plerique
1275 2798 1381 2836 aliud
1407 2803 1569 2848 agentes

117 2865 386 2897 converterunt
402 2876 411 2904 ;
450 2861 684 2913 Philippicas
701 2863 858 2914 quidem
873 2870 1038 2914 quatuor
1058 2861 1202 2901 Paulus
1222 2860 1436 2905 Manutius,
1454 2858 1568 2895 homo

117 2918 293 2965 disertus,
307 2922 491 2972 reddidit,
509 2923 748 2976 olynthiacas
760 2938 854 2965 vero
870 2924 1022 2976 plurimi
1038 2924 1096 2963 Io.
1114 2924 1288 2969 Camers,
1306 2921 1418 2959 Vitus
1434 2920 1568 2958 Amer-

171 3000 269 3026 voL.
300 3002 329 3028 1.
863 3008 881 3032 γ.
1480 2998 1483 3000 ’
