1824 3171
457 148 538 186 AD
569 145 728 185 SUUM
758 147 1051 185 DEMOSTH.
1082 148 1363 188 PRAEFATT.
1557 151 1637 190 xlix

205 261 280 301 qua
306 250 336 288 si
355 244 475 287 velles
491 249 538 286 ad
567 245 860 288 ostentationem
879 249 947 296 uti,
975 249 1087 287 animi
1115 249 1169 287 tui
1199 250 1434 288 conscientia
1453 265 1528 290 non
1547 254 1641 291 con?

204 319 344 355 tentus,
359 310 439 360 ipse
454 323 591 347 nomen
608 317 714 348 tuum
731 323 860 361 posses
879 309 1030 348 tradere
1049 310 1243 348 memoriae
1262 311 1505 361 posteritatis.
1560 313 1638 350 Ne-

201 384 275 421 que
295 371 334 407 id
363 371 496 408 mirum
515 370 631 408 videri
651 370 779 409 debet.
837 371 944 409 Solet
969 371 1069 408 enim
1094 372 1133 408 in
1161 371 1270 408 claris
1295 371 1444 409 familiis
1463 372 1569 422 vigor
1589 386 1635 410 ac

202 433 254 470 vis
273 438 420 469 naturae
448 445 531 470 esse
550 436 681 481 major.
736 432 892 470 Deinde
911 433 1102 471 accedunt
1131 432 1205 470 alia
1233 433 1445 478 commoda,
1469 433 1635 470 liberalis

200 495 391 541 educatio,
421 494 555 532 eruditi
583 501 855 544 praeceptores,
875 494 1118 546 tranquillum
1139 494 1269 540 otium,
1295 497 1437 543 justum
1465 494 1639 531 discendi

199 556 376 607 spatium,
399 555 625 606 optimorum
646 555 826 594 librorum
847 556 980 606 copia:
1011 569 1096 606 quae
1114 568 1254 606 magna
1272 568 1318 593 ex
1338 562 1446 606 parte
1465 555 1637 593 homines

199 626 334 656 tenues
354 617 575 656 destituunt.
605 631 652 656 ac
670 618 829 669 proinde
849 617 1177 656 commiseratione
1196 618 1320 669 potius
1338 630 1451 668 quarn
1471 617 1636 656 insecta-

198 680 302 719 tione
322 680 478 730 dignum
494 687 564 725 est,
579 680 610 718 si
630 680 766 730 quibus
781 680 934 731 ingenia
952 680 1123 718 liberalia
1143 680 1398 729 contigerunt,
1419 691 1465 716 ea
1479 679 1638 716 fortunae

198 742 397 793 iniquitate
415 741 532 779 veluti
550 741 794 779 sordescere:
823 742 861 778 in
882 748 988 780 tanto
1007 741 1217 792 praesertim
1239 747 1433 778 contemtu
1453 740 1637 778 bonarum

196 804 399 848 literarum,
417 810 457 840 et
473 810 730 849 mecenatum,
745 803 809 854 qui
829 815 892 841 eas
912 803 1078 848 foveant,
1100 803 1303 854 paucitate.
1360 804 1446 845 Quo
1463 810 1503 840 tu
1524 802 1638 840 etiam

196 867 380 915 majorem
399 864 552 902 laudem
567 864 734 909 mereris,
762 864 915 902 Ioannes
934 865 1063 902 Iacobe
1083 865 1263 915 Fuggere,
1284 864 1348 915 qui
1368 870 1503 915 praeter
1523 864 1637 901 bene-

196 926 390 964 ficentiam
409 925 447 962 in
459 925 631 963 homines
644 925 802 963 afflictos
823 933 861 962 et
874 925 1028 964 miseros
1043 925 1299 976 quotidianam
1320 925 1400 976 (qui
1421 924 1635 962 verissimus

196 995 236 1026 et
256 987 345 1025 Deo
366 986 614 1037 gratissimus,
634 987 765 1037 generi
789 987 1002 1024 mortalium
1022 987 1241 1025 utilissimus
1262 986 1472 1024 divitiarum
1492 984 1637 1023 fructus

197 1056 278 1087 est:
309 1056 348 1085 et
375 1061 450 1085 una
477 1048 788 1085 stabiliendarum
820 1061 948 1099 opum,
968 1056 1007 1086 et
1034 1048 1085 1087 ad
1112 1057 1284 1099 posteros
1307 1048 1638 1099 propagandarum

195 1109 408 1146 firmissima
436 1108 548 1157 ratio)
578 1109 793 1159 complures
824 1109 1041 1158 ingeniosos
1069 1109 1337 1147 adolescentes
1361 1109 1415 1158 <id
1444 1108 1546 1159 quod
1577 1121 1638 1146 re-

193 1183 299 1221 gum,
333 1176 371 1207 et
405 1169 631 1220 principum,
663 1176 701 1207 et
733 1170 929 1207 civitatum
959 1183 1092 1208 munus
1126 1171 1200 1219 est)
1226 1171 1301 1208 tuis
1334 1170 1520 1208 sumtibus
1557 1183 1635 1207 non

194 1232 309 1270 modo
328 1231 364 1269 in
387 1231 606 1277 Germania,
627 1231 697 1269 sed
715 1233 753 1270 in
773 1231 910 1269 Galliis
930 1232 1058 1279 etiam,
1079 1240 1117 1270 et
1140 1232 1259 1279 Italia,
1287 1232 1452 1282 benigne
1472 1232 1578 1270 foves
1599 1239 1637 1269 et

194 1300 395 1339 sustentas,
424 1292 513 1330 dum
545 1306 732 1330 summum
761 1293 943 1332 doctrinae
976 1295 1136 1345 gradum
1168 1301 1429 1344 assequantur.
1485 1293 1532 1331 In
1562 1307 1640 1345 quo

193 1355 495 1394 laudatissimum
517 1355 733 1406 exemplum
750 1355 926 1393 Remundi
945 1356 1076 1407 patris,
1096 1363 1134 1395 et
1153 1357 1307 1393 Antonii
1325 1354 1450 1407 patrui
1470 1355 1538 1401 tui,
1560 1356 1636 1394 cla-

192 1417 425 1455 rissimorum
453 1416 634 1462 virorum,
667 1416 860 1468 sapienter
889 1417 1066 1457 imitaris:
1098 1418 1160 1468 qui
1186 1426 1327 1469 praeter
1358 1424 1501 1456 caetera
1527 1431 1637 1455 orna-

190 1486 333 1524 menta,
355 1479 491 1529 quibus
511 1479 682 1516 abundat
710 1479 976 1517 honestissima
993 1487 1118 1518 vestra
1135 1478 1290 1527 familia,
1317 1479 1569 1517 immortalem
1589 1492 1636 1518 ea.

193 1553 235 1578 re
254 1540 414 1591 gloriam
444 1540 516 1578 sibi
536 1548 781 1591 pepererunt.
838 1541 929 1578 Non
957 1540 1058 1579 enim
1077 1541 1240 1592 ingratae
1260 1549 1347 1579 sunt
1365 1555 1498 1587 musae,
1517 1554 1638 1592 quan-

194 1615 306 1652 quam
324 1602 428 1639 orbae
448 1609 487 1639 et
501 1601 685 1639 indotatae
705 1603 844 1653 puellae
862 1602 1075 1648 videantur,
1089 1603 1149 1640 vel
1164 1603 1373 1641 cultoribus
1387 1603 1447 1641 vel
1467 1603 1638 1654 patronis

179 1655 281 1709 suis,
301 1663 371 1700 sed
391 1669 571 1713 utrosque
590 1663 753 1701 honesta
772 1663 872 1702 fama
892 1670 930 1701 et
948 1664 1108 1702 nominis
1129 1664 1311 1703 memoria
1330 1664 1560 1716 sempiterna
1580 1678 1638 1703 re-

193 1732 451 1763 munerantur.
509 1726 606 1766 Quae
627 1725 783 1775 praemia
802 1725 864 1775 qui
885 1725 1107 1771 contemnit,
1129 1732 1192 1763 aut
1210 1726 1316 1776 parvi
1335 1726 1442 1772 facit,
1463 1739 1550 1764 eum
1569 1734 1637 1764 aut

193 1785 420 1824 celsitudine
441 1785 554 1822 animi
575 1785 664 1824 Deo
684 1786 927 1832 simillimum,
943 1794 1009 1824 aut
1026 1787 1324 1837 abjectissimum
1339 1787 1531 1826 hominem
1552 1801 1636 1827 esse

194 1861 352 1886 necesse
371 1854 442 1885 est.
499 1847 569 1884 Me
589 1847 741 1897 quidem
769 1847 808 1884 in
836 1848 966 1886 multis
986 1844 1247 1894 incommodis,
1267 1857 1307 1887 et
1326 1850 1501 1900 malignis
1526 1850 1638 1889 indu-

192 1910 295 1947 striae
316 1922 411 1946 meae
431 1921 477 1946 ac
498 1908 644 1946 miseris
662 1909 838 1959 praemiis,
859 1923 936 1948 non
950 1923 1083 1961 parum
1103 1913 1159 1958 (ut
1178 1910 1360 1961 ingenue,
1373 1912 1478 1963 quod
1496 1914 1634 1959 sentio,

192 1970 328 2020 fatear)
347 1967 569 2008 consolatur
588 1983 690 2021 spes,
710 1968 814 2021 quod
833 1971 945 2009 valde
965 1970 1138 2022 suspicor
1154 1972 1237 2010 fore
1251 1974 1296 2021 (si
1312 1986 1388 2023 qua
1406 1974 1522 2012 modo
1537 1975 1635 2013 fides

194 2032 304 2071 astris
333 2032 419 2080 est),
441 2039 484 2068 ut
515 2032 630 2069 etiam
661 2039 749 2083 post
773 2032 916 2069 obitum
950 2043 1011 2071 me
1042 2033 1203 2072 honeste
1222 2034 1359 2072 vixisse
1386 2043 1576 2086 appareat,
1597 2045 1636 2075 et

194 2107 270 2132 non
289 2092 519 2143 transegisse
544 2093 658 2130 vitam
682 2094 738 2141 (ut
769 2093 936 2131 Sallustii
956 2094 1081 2132 verbis
1107 2098 1209 2142 utar)
1227 2108 1334 2133 more
1358 2097 1535 2147 pecudis:
1566 2099 1636 2136 sed

194 2168 326 2194 eorum
344 2155 546 2199 bonorum,
575 2168 662 2205 quae
689 2154 727 2191 in
746 2154 823 2192 vita
851 2155 1016 2192 humana
1034 2156 1229 2206 praecipua
1248 2163 1335 2194 sunt
1353 2157 1450 2205 (etsi·
1467 2157 1504 2194 in
1533 2172 1635 2197 asse-

192 2216 348 2268 quendo
369 2215 559 2252 fortunam
586 2215 748 2252 habeam
776 2228 908 2265 parum
936 2215 1166 2267 propitiam),
1190 2216 1337 2255 virtutis
1358 2225 1397 2256 et
1422 2218 1634 2270 sapientiae,

191 2279 310 2316 fuisse
329 2277 549 2315 studiosum.
606 2277 721 2319 Quod
738 2277 768 2314 si
787 2290 868 2314 rem
883 2290 971 2315 vere
989 2278 1474 2326 consideremus,homines
1495 2283 1633 2320 eruditi

192 2339 310 2391 (quod
325 2338 372 2376 ad
386 2339 488 2376 hanc
502 2338 656 2389 quidem
674 2338 760 2375 vitae
779 2345 925 2389 partem
941 2339 1092 2388 attinet>
1111 2353 1343 2379 summorum
1363 2342 1478 2380 etiam
1498 2356 1633 2394 regum

191 2401 400 2452 potentiam
421 2407 617 2450 superant:
647 2413 806 2450 quorum
828 2400 947 2438 omnis
968 2402 1162 2447 memoria,
1190 2403 1260 2440 nisi
1280 2416 1302 2441 a
1321 2403 1443 2442 doctis
1464 2406 1634 2444 celebra-

191 2470 335 2507 rentur,
358 2475 433 2499 uno
449 2461 617 2499 alterove
638 2462 687 2499 ad
708 2474 896 2499 summum
918 2463 1047 2500 seculo
1066 2462 1237 2501 funditus
1256 2464 1441 2504 interiret.
1490 2468 1633 2509 Quam-

193 2525 324 2562 obrem
352 2524 536 2574 praeclare
565 2524 770 2574 Virgilius:
803 2524 952 2561 Vivitur
984 2525 1151 2575 ingenio,
1180 2535 1320 2565 caetera
1346 2529 1478 2566 mortis
1510 2538 1634 2568 erunt.

189 2585 453 2623 Laudabiliter
484 2584 598 2622 etiam
623 2592 676 2630 tu,
705 2586 861 2622 Ioannes
886 2586 1027 2632 Iambe,
1055 2594 1173 2637 atque
1201 2588 1299 2626 adeo
1324 2590 1443 2628 omnis
1465 2592 1630 2641 splendi-

194 2646 349 2684 dissima
369 2646 586 2696 Faggerancz
606 2646 761 2691 familia,
782 2647 846 2699 qui
866 2660 943 2685 non
970 2649 1137 2686 contenti
1157 2650 1304 2687 caeteris
1325 2653 1570 2697 ornamentis,
1592 2661 1633 2690 ut

193 2716 281 2746 sunt
305 2708 544 2759 amplissimae
564 2721 656 2758 opes
685 2716 766 2746 toto
792 2716 979 2746 terrarum
1009 2711 1101 2747 orbe
1130 2711 1312 2757 celebres,
1333 2713 1530 2751 affinitates
1552 2714 1634 2750 illu-

193 2777 302 2816 stres,
321 2783 554 2807 summorum
579 2769 792 2820 principum
812 2771 1001 2817 amicitiae,
1021 2778 1137 2822 atque
1158 2774 1260 2824 apud
1285 2773 1368 2811 illos
1388 2774 1472 2811 talis
1492 2774 1632 2812 autori-

192 2838 264 2876 tas,
284 2838 327 2868 ut
344 2844 410 2868 vos
437 2831 487 2868 ad
510 2831 811 2881 gravissimarum
840 2845 966 2870 rerum
993 2833 1290 2873 deliberationes
1308 2833 1527 2880 adhibeant,
1546 2848 1633 2886 quae

192 2893 344 2930 fortuna
354 2893 462 2930 vobis
481 2893 619 2943 largita
639 2900 709 2940 est,
730 2893 851 2932 solida
867 2894 980 2932 etiam
997 2901 1036 2934 et
1053 2896 1261 2947 peculiaria
1280 2904 1403 2934 vestra
1420 2898 1519 2934 bona
1541 2909 1631 2935 con-

250 2964 348 2993 v0L.
379 2967 406 2992 1.
931 2970 959 3006 g
