1824 3171
186 163 339 204 clxxviii
632 166 845 207 REISKII
875 165 1170 208 PRAEFATIO

188 268 363 320 pachius,
395 268 536 308 additis
570 271 618 309 ab
648 278 814 323 utroque
841 271 1010 317 scholiis,
1040 271 1210 310 Iacobus
1243 266 1419 307 Grifolus
1457 264 1639 306 Lucinia-

188 330 331 377 nensis,
354 331 417 382 qui
437 339 477 369 et
497 331 727 384 Philippicas
748 334 843 373 duas
862 341 901 372 et
925 346 1041 372 unam
1062 333 1111 371 de
1135 344 1236 384 pace
1265 328 1524 380 interpositam
1553 327 1641 366 red-

190 391 301 429 didit.
350 392 411 430 De
432 405 530 443 pace
551 394 760 432 orationem
779 407 930 445 quoque
950 394 1064 432 vertit
1081 392 1255 431 Justinus
1275 391 1487 434 Goblerus‚
1507 395 1546 426 et
1566 387 1641 425 Pe-

190 457 268 491 trus
289 453 484 492 Bracchus
505 453 766 500 Placentinus,
788 455 854 506 qui
873 462 913 493 et
943 468 1028 493 earn
1048 455 1096 492 de
1119 450 1379 491 Cherrhonesi
1396 450 1524 487 rebus.
1581 448 1643 485 De

190 513 375 552 classibus
397 515 558 553 Ioannes
577 514 804 553 Lonicerus.
862 516 1005 554 Contra
1019 513 1303 552 Androtioncm
1317 510 1524 549 Bassianus
1542 508 1645 546 Lan-

189 575 260 613 dus
281 575 543 614 Placentinus.
588 576 735 615 Contra
753 576 962 628 Leptinem
983 577 1032 614 de
1053 575 1294 613 immunitate
1310 572 1449 610 Petrus
1469 570 1645 608 Nannius

190 637 474 676 Alemarianus.
522 637 659 677 Plures
670 637 709 676 in
729 637 931 676 Basiliensi
952 637 1123 676 editione
1144 636 1385 686 interpretes,
1404 632 1434 670 si
1452 632 1574 677 voles,
1594 631 1646 669 le-

190 710 271 748 geS.
333 699 434 738 Haec
456 699 653 740 Schottus.
677 699 767 738 Scil.
789 699 829 737 in
849 698 1027 738 editionis
1046 698 1178 750 primae
1194 695 1399 734 Wolfianae
1418 693 1526 731 calce
1547 692 1645 730 mul·

190 765 316 798 torum
334 760 675 812 interpretationes
692 760 944 812 singularium
964 768 1079 800 oratt.
1102 757 1305 798 Demosth.
1332 757 1528 807 leguntur,
1557 767 1646 805 quae

188 818 226 857 in
247 828 440 871 postrema
460 821 610 860 omissae
630 828 731 860 sunt.
786 821 881 860 Post
904 822 972 860 illa
1001 821 1155 860 Schotti
1182 828 1358 871 tempora
1385 815 1547 855 accessit
1571 816 1647 853 hoc

188 883 329 920 saeculo
345 883 579 922 Lucchesini
594 883 861 933 interpretatio
874 882 1174 933 Philippicarum
1190 881 1295 918 edita
1307 880 1443 917 Romae
1461 878 1513 914 A.
1529 878 1645 918 1712.

188 941 227 978 in
247 947 327 980 4t0.
348 956 438 981 cum
456 950 564 981 texto
584 956 728 994 graeco,
749 950 789 981 et
807 943 908 981 notis
928 943 1071 981 criticis
1097 939 1376 989 historicisque.
1396 938 1455 976 Io.
1475 937 1645 976 Vincen-

190 1002 264 1041 tius
278 1003 548 1041 Lucchesinus
564 1003 636 1041 fuit
656 1003 846 1041 Patricius
860 1002 1062 1041 Lucensis.
1095 1001 1262 1038 Videtur
1273 997 1486 1049 periculum
1500 997 1647 1049 facere,

185 1070 252 1101 aut
269 1065 488 1114 exemplum
504 1064 595 1102 dare
610 1064 772 1100 voluisse
786 1063 1031 1101 conferenda:
1046 1062 1097 1100 ad
1110 1062 1225 1099 Dem.
1245 1060 1415 1097 tullianae
1434 1058 1644 1104 facundiae,

191 1137 345 1176 unaque
365 1123 684 1175 interpretationis
699 1122 904 1160 Wolfianae
920 1121 1171 1173 castigandae,
1191 1121 1256 1171 qui
1273 1127 1433 1158 conatus
1452 1120 1647 1170 quomodo

191 1185 264 1236 ipsi
295 1185 467 1232 cesserit,
496 1196 691 1235 nunquam
714 1183 882 1234 quaesivi.
901 1183 1064 1222 viderint
1084 1182 1159 1221 alii.
1191 1180 1398 1220 Dorvillius
1419 1180 1574 1232 quidem
1596 1180 1647 1219 ad

192 1247 445 1285 Charitonem
464 1260 503 1298 p.
526 1247 615 1287 177.
640 1258 725 1283 eam
746 1244 953 1296 improbat.

243 1309 305 1345 De
324 1308 498 1347 francica
527 1306 714 1345 Tourellii
734 1305 896 1344 aliorum
923 1312 1008 1344 esto
1029 1302 1229 1354 judicium,
1250 1302 1342 1341 item
1362 1302 1410 1340 de
1429 1302 1646 1340 britannica

189 1368 371 1416 Lelandi‚
394 1370 529 1422 quibus
555 1369 741 1407 ambabus
762 1367 878 1406 carui.
936 1367 1016 1405 Sed
1042 1366 1172 1404 ambas
1201 1364 1347 1403 laudari
1370 1364 1496 1409 video,
1521 1376 1648 1414 neque

190 1430 407 1469 detractum
425 1431 488 1468 ibo
507 1431 610 1468 illam
629 1429 721 1481 ipsis
740 1428 908 1475 laudem,
928 1439 1161 1480 quamquam
1176 1438 1238 1464 me
1258 1438 1335 1463 non
1353 1425 1464 1475 fugit,
1484 1425 1577 1475 quid
1597 1425 1648 1463 de

189 1491 367 1530 laudibus
397 1492 643 1530 statuendum
673 1490 735 1536 sit,
763 1502 859 1540 quas
887 1488 1006 1527 nostri
1034 1486 1298 1532 Journalistae‚
1326 1492 1393 1524 aut
1410 1482 1565 1523 venales
1594 1485 1648 1522 illi

189 1552 378 1600 homines,
397 1560 463 1591 aut
481 1553 532 1591 de
550 1554 666 1591 rebus
684 1564 821 1603 parum
841 1551 1005 1603 cognitis
1034 1558 1182 1588 temere
1205 1548 1381 1600 judicare
1409 1548 1521 1594 soliti,
1542 1561 1648 1600 spar-

191 1621 301 1664 gunt.
356 1614 421 1652 De
437 1626 524 1652 mea
543 1612 788 1665 germanica3
825 1625 941 1663 quam
960 1611 1077 1650 factio
1093 1610 1269 1662 quaedam
1287 1609 1486 1647 hominurn
1503 1609 1647 1660 impro-

186 1674 322 1712 borum
344 1682 383 1713 et
403 1675 661 1720 indoctorum,
679 1673 898 1711 sodalitium
917 1671 1189 1723 gladiatorium
1208 1678 1276 1709 aut
1295 1670 1510 1721 piraticum,
1526 1682 1647 1708 vexa.-

187 1735 242 1772 vit
261 1743 301 1773 et
324 1735 536 1781 infamavit,
556 1748 633 1772 non
654 1733 758 1785 quod
777 1746 800 1771 a
818 1734 1011 1772 sententia
1031 1733 1149 1770 Dem.
1174 1732 1427 1777 aberrassem,
1446 1745 1523 1769 non
1542 1731 1646 1782 quod

190 1807 278 1834 eam
293 1795 416 1834 minus
428 1795 630 1847 perspicue
643 1793 910 1840 reddidissem,
928 1794 999 1831 sed
1014 1794 1051 1843 1)
1068 1792 1174 1843 quod
1186 1805 1262 1829 non
1279 1805 1326 1830 ea
1338 1805 1463 1830 essem
1476 1792 1647 1830 dictione

191 1858 414 1907 germanica
428 1870 532 1903 usuS,
545 1869 658 1907 quarn
672 1856 745 1907 ipsi
760 1856 880 1894 solam
896 1855 1073 1907 probant,
1090 1853 1153 1904 qui
1163 1854 1296 1891 volunt
1308 1853 1451 1899 helluli,
1469 1861 1509 1892 et
1524 1854 1647 1892 omnis

192 1918 395 1969 elegantiae
415 1917 547 1956 arbitri
567 1930 664 1956 esse.
692 1920 734 1968 2)
754 1917 858 1969 quod
887 1929 990 1967 saepe
1014 1916 1187 1954 locorum
1215 1915 1480 1966 periphrasten
1507 1915 1645 1966 potius,

190 1992 306 2030 quam
324 1980 572 2031 interpretem
601 1979 781 2030 egissem.
836 1978 877 2027 3)
898 1977 1001 2030 quod
1021 1978 1059 2015 in
1086 1976 1479 2015 animadversionibus
1499 1977 1646 2014 Demo—

189 2041 366 2079 sthenem
386 2054 488 2092 saepe
507 2041 683 2079 acerbius
702 2039 1015 2092 perstrinxissem
1031 2054 1043 2088 3
1082 2038 1145 2088 egi
1165 2050 1323 2076 causam
1342 2049 1470 2075 meam
1488 2037 1527 2074 in
1545 2051 1647 2088 prae-

191 2102 336 2139 fatione
352 2102 400 2140 ad
418 2102 597 2141 volumen
615 2102 769 2140 tertium
781 2102 894 2151 hujus
913 2098 1252 2152 interpretationis,
1292 2099 1516 2138 Secundum
1533 2113 1647 2151 quam

190 2163 456 2213 praefationem
475 2177 589 2202 nemo
606 2163 691 2210 fuit,
712 2163 777 2214 qui
795 2163 977 2201 hisceret.
1008 2162 1280 2201 obmutuerunt
1306 2161 1509 2199 umbratici
1534 2161 1602 2207 illi,
1624 2175 1647 2200 e

188 2225 362 2271 latebris,
382 2233 424 2263 ut
441 2226 612 2264 latrones
633 2225 790 2263 saltibus
810 2225 1038 2270 insidentes,
1057 2224 1135 2262 tela
1160 2222 1200 2260 in
1225 2230 1504 2274 praetereuntes
1525 2223 1645 2272 conji-

190 2287 336 2325 cientes
353 2303 363 2332 ;
398 2288 490 2326 victi
509 2288 545 2325 vi
563 2286 747 2332 veritatis,
770 2300 847 2337 qua
864 2293 1092 2337 argumenta
1111 2297 1198 2322 mea
1217 2283 1441 2335 praevalent.
1498 2284 1645 2323 Nescio

190 2360 239 2385 an
259 2361 431 2386 censurae
458 2349 558 2387 illius
577 2348 718 2400 iniquae
737 2348 775 2385 in
795 2348 847 2386 D.
870 2348 922 2386 A.
941 2348 995 2386 D.
1017 2347 1064 2386 B.
1095 2353 1231 2384 auctor
1258 2345 1375 2384 fuerit
1392 2345 1568 2384 inimicus
1587 2353 1645 2385 te-

190 2416 274 2447 ctus
293 2411 400 2448 vultu
419 2411 622 2462 verbisque
642 2410 808 2448 amicum
835 2409 1029 2448 simulans.
1086 2406 1287 2456 Ejusmodi
1315 2407 1433 2446 libelli
1460 2408 1645 2446 menstrui

188 2478 281 2508 sunt
307 2471 474 2510 buccina
493 2471 649 2518 diaboli,
669 2471 730 2510 vel
752 2470 959 2523 Erynnios,
981 2477 1046 2508 aut
1066 2469 1254 2514 Bellonae,
1275 2475 1319 2506 ut
1337 2475 1490 2507 veteres
1508 2469 1643 2519 loque-

189 2532 345 2578 bantur,
365 2536 472 2582 quus
493 2534 653 2572 boatum
668 2546 756 2571 cum
776 2533 956 2579 audieris,
976 2531 1180 2584 suspiceris
1200 2530 1283 2582 quis
1303 2530 1455 2569 inflarit.
1476 2531 1578 2567 unde
1598 2531 1645 2568 si·

189 2594 371 2632 multates
390 2602 429 2633 et
447 2595 730 2633 contentiones.
783 2595 930 2633 Melius
951 2601 1106 2645 egomet
1124 2593 1207 2644 ipse
1227 2592 1315 2630 novi
1336 2605 1433 2630 meae
1452 2591 1641 2642 interpre-

188 2655 343 2694 tationis
361 2670 502 2703 nacvos,
523 2669 637 2708 quam
657 2656 710 2694 illi
731 2669 877 2704 omnes,
892 2656 956 2707 qui
977 2669 1061 2694 eam
1078 2661 1317 2706 carpserunt.
1348 2653 1427 2692 Sed
1444 2653 1642 2691 meliorem

189 2716 368 2767 profecto
387 2731 501 2756 nemo
519 2719 671 2756 illorum
692 2718 858 2756 omnium
878 2718 1034 2761 condat,
1063 2729 1190 2765 neque
1211 2714 1364 2752 condet.
1419 2714 1544 2751 Erunt
1564 2714 1642 2751 for-

190 2785 290 2816 tasse
309 2779 374 2830 qui
393 2780 432 2816 in
451 2779 618 2817 dictione
636 2793 723 2817 mea
741 2779 966 2830 germanica
985 2778 1128 2829 aliquid
1147 2783 1312 2821 tentent,
1333 2788 1482 2825 ungues
1503 2775 1536 2813 ei
1556 2776 1642 2813 infi-

191 2848 296 2890 gant,
315 2841 502 2892 scalpant,
529 2841 686 2892 poliant,
708 2842 886 2879 voculam
914 2853 1042 2885 unam,
1073 2852 1158 2889 quae
1187 2838 1277 2888 ipsis
1307 2837 1477 2888 asperior
1505 2844 1543 2874 et
1572 2837 1641 2874 im-

189 2903 368 2941 mundior
386 2903 575 2950 videatur,
598 2916 682 2941 cum
705 2902 790 2950 alia,
811 2902 842 2941 si
864 2902 921 2941 dis
940 2902 1082 2953 placet,
1102 2899 1304 2937 mundiore
1328 2905 1366 2936 et
1395 2897 1639 2949 exquisitiore
