1924 3288
495 195 675 237 ΠΕΡΙ
737 193 1277 236 ΣΥΜΜΟΡΙΩΝ.

1509 190 1610 237 281

165 310 373 384 ρισμένον,
404 311 450 360 ου’
476 309 559 379 μὴν
586 305 867 381 συμφέρον-τοί
897 306 942 372 ’γ’
972 305 1144 364 ἐκείνοις
1179 305 1250 365 οὓς
1288 305 1619 380 ἐγκωμιάζουσι

164 393 326 434 ποιεῖν·
358 382 457 456 περὶ
484 382 576 456 «γοὶρ
605 381 894 456 πραγμάτων
921 379 1242 455 ἐπιχειροῦντες
1268 380 1427 446 λέγειν,
1449 382 1502 434 εἶν
1530 381 1622 434 οὔδ’

165 507 273 544 tribui,
291 513 322 537 ut
337 507 464 547 singulae
477 508 592 537 classes
609 506 768 546 quinquies
785 516 874 536 sexa-

165 560 242 590 gena
253 551 364 580 talenta
378 551 558 580 sortiantur:
572 551 602 580 id
617 550 697 589 quod
713 549 759 578 his
772 549 876 578 verbis

164 594 202 622 ab
218 603 255 623 eo
268 593 381 623 dicitnr
399 593 440 634 [§
454 593 507 635 52]
525 593 589 623 εἶτα
605 593 688 624 πέντε
701 592 877 632 ἑξήκοντα-

163 635 334 666 ‘raxam-einr
349 637 504 667 ἀποδοῦναι.
537 637 606 666 Hoc
618 641 715 666 autern
732 636 804 664 ideo
816 640 876 665 sta-

164 679 234 714 tuit,
246 683 279 708 ut
292 679 316 709 si
328 680 427 709 levius
444 680 556 710 bellum
573 681 674 714 instet,
689 683 809 708 centum
826 689 877 707 na-

164 722 255 751 vibus
272 727 386 752 tantum
404 733 453 752 res
470 728 603 761 geratur,
620 729 650 752 et
667 721 828 760 sexagenis
846 721 876 750 iu

164 765 299 804 singulas
316 766 458 795 decurias
476 766 597 795 talentis
612 765 745 804 impensa
763 775 876 803 suppe-

164 807 291 842 ditetur,
303 814 334 838 et
345 808 478 838 duodeni
496 808 650 838 trierarchi
665 809 735 843 sint,
748 806 793 836 sin
809 818 876 847 gra-

165 850 251 881 viore
269 853 348 882 bello
365 851 504 881 ducentis
520 852 647 881 navibus
664 861 740 889 opus
760 851 811 886 sit,
826 850 875 879 tri-

165 903 241 923 cena
253 895 281 923 in
292 895 427 931 singulas
439 895 578 924 decurias
587 895 697 923 talenta
711 893 876 931 impensam

165 938 332 974 conferant,
345 943 376 968 et
389 948 462 967 sena
478 938 539 967 sint
551 947 677 976 corpora
692 937 877 965 trierarchiae

164 990 276 1009 munus
286 981 444 1011 obeuntia:
461 982 541 1019 quod
559 981 583 1010 si
600 979 782 1019 gravissimo
797 980 877 1008 bello

165 1029 353 1061 premantur,
369 1025 496 1062 singulm
510 1024 644 1054 decuriae
660 1024 697 1052 ad
713 1023 818 1051 vicena
835 1028 877 1052 ta-

166 1066 260 1102 lenta,
278 1072 308 1096 et
332 1072 478 1107 quaterna
502 1077 629 1104 corpora
651 1065 876 1095 contrahantur.

167 1108 277 1149 [ibid]
295 1110 369 1144 ὅπως
383 1109 428 1140 ἐὰν
442 1109 497 1149 μὲν
512 1111 579 1149 ὑμῖν
596 1109 878 1149 ἑκατόν--τξιηραξ-

164 1153 286 1193 χοῦντα.
336 1153 407 1182 Ηος
435 1153 526 1189 facto,
552 1157 736 1182 armamenta
756 1154 878 1181 navium

144 1199 147 1201 '
163 1196 341 1225 aestimanda
356 1196 486 1235 primum
505 1201 620 1232 censet,
636 1206 703 1235 quae
719 1195 879 1234 qualiaque

166 1238 294 1268 navibus
310 1239 472 1269 commoda
487 1244 539 1269 aut
555 1238 728 1268 necessaria
742 1238 813 1273 sint,
830 1249 879 1267 ea·

165 1281 235 1310 <lem
252 1282 367 1312 ratione
383 1282 412 1311 in
431 1282 546 1312 classes
563 1292 598 1311 ac
622 1281 761 1311 decurias
783 1281 878 1310 tribu-

167 1325 254 1360 enda,
271 1325 432 1364 omniaque
458 1324 566 1355 sortito
590 1324 740 1364 expediri,
755 1329 787 1353 ut
810 1334 877 1353 cum

164 1367 208 1397 rei
222 1369 364 1406 gerendae
376 1374 496 1406 tempus
509 1368 638 1403 venerit,
648 1378 737 1406 quam
750 1367 878 1405 quisque

150 1420 272 1440 ‚navem
289 1412 414 1440 sortitus
431 1411 482 1445 sit,
492 1421 557 1440 eam
569 1411 747 1440 instructam
759 1410 789 1438 in
803 1414 878 1439 tem—

166 1463 239 1492 pore
253 1459 334 1483 recte
349 1459 487 1493 praestet.
525 1454 639 1483 Verum
658 1453 879 1483 Demosthenes

167 1497 338 1526 universam
355 1498 442 1534 hujus
459 1496 798 1537 constitutionis(quam
811 1496 879 1534 ipse

166 1540 319 1578 syntaxim
338 1539 443 1578 vocat)
462 1540 607 1569 rationem
622 1540 651 1568 in
671 1546 732 1569 tres
748 1550 878 1569 summa-

166 1583 228 1612 rias
245 1589 347 1623 partes
363 1583 489 1618 dividit,
509 1583 537 1612 in
554 1583 739 1612 trierarchos
755 1583 833 1611 enim
849 1587 879 1611 et

164 1635 269 1655 eorum
294 1626 470 1663 facultates,
487 1626 562 1655 etin
584 1627 724 1655 triremes
749 1626 878 1664 primam

164 1673 281 1707 partem
313 1669 438 1699 statuit:
469 1669 634 1699 secundam
663 1669 694 1698 in
719 1668 878 1698 facultates

165 1712 299 1742 omnium
327 1712 457 1742 divitum
481 1717 512 1742 et
536 1722 703 1751 pauperum
721 1712 879 1741 civitatem

164 1755 377 1792 habitantium,
392 1766 410 1785 a
431 1755 541 1794 quibus
565 1760 705 1794 sumptus
734 1755 879 1794 suppedi-

164 1797 223 1827 tari
239 1803 376 1837 oportet:
401 1799 522 1828 tertiam
538 1803 655 1837 partem
669 1798 790 1836 delegat
801 1798 881 1827 clas-

165 1839 259 1871 siario
281 1841 384 1877 militi,
401 1847 432 1871 et
456 1842 536 1876 loco,
556 1841 576 1870 i.
590 1852 617 1871 e.
642 1840 824 1871 armentario
849 1847 880 1871 et

168 1884 280 1914 navali.
312 1885 416 1914 Prima
433 1895 504 1923 pars
518 1884 672 1923 explicata
688 1889 746 1920 est,
761 1885 878 1914 tertiam

166 1926 224 1955 hoc
255 1927 347 1956 modo
378 1927 584 1966 prosequitur.
632 1929 749 1957 Decem
780 1927 880 1957 tribus

167 1973 251 1999 erant
267 1970 408 2005 Athenis,
425 1970 590 2009 unicnique
606 1969 702 2008 igitur
718 1969 808 1999 tribui
825 1971 880 1999 tri-

167 2022 257 2042 cenas
273 2023 366 2043 naves
380 2013 524 2052 assignat,
539 2012 644 2042 decies
659 2013 737 2042 enim
754 2013 878 2042 tricenae

167 2054 244 2085 fiunt
271 2055 302 2085 iu
331 2066 448 2085 summa
477 2061 632 2085 trecentae.
680 2056 746 2085 Has
770 2066 878 2086 rursus

168 2097 301 2128 tricenas
318 2099 465 2128 trifariam
480 2099 604 2134 dividit,
614 2099 634 2127 i.
644 2109 670 2127 e.
683 2099 762 2129 inter
773 2099 878 2128 denas.

167 2141 280 2171 Tribus
306 2142 385 2171 enirn
411 2143 492 2182 apud
518 2142 725 2171 Athenienses
756 2141 786 2170 iu
815 2147 877 2171 tres

166 2189 272 2222 partes
287 2185 477 2220 dividuntur,
494 2195 561 2224 quae
575 2184 712 2222 Trittyes
736 2186 774 2214 ab
801 2185 878 2224 ipsis

165 2228 379 2267 appellantur„
392 2228 478 2267 quasi
501 2227 599 2257 tertiae
624 2228 735 2257 tribum
755 2235 876 2266 partes:

167 2279 222 2299 uos
238 2271 308 2310 quia
330 2273 456 2301 verbum
478 2271 618 2301 Latinum
641 2281 698 2300 non
722 2271 878 2307 habemus,

165 2313 308 2343 Trientes
319 2324 399 2344 nunc
415 2315 561 2344 dicemus.
593 2314 767 2352 Unicuique
783 2314 878 2352 igitur

165 2355 270 2386 trienti
280 2357 373 2386 denas
387 2368 481 2387 naves
493 2357 664 2397 implendas
680 2357 797 2391 tribuit,
809 2367 876 2386 cum

164 2398 239 2429 belli
255 2400 381 2438 gerendi
391 2405 510 2440 tempus
523 2399 624 2436 fuerit,
636 2404 699 2430 tum
713 2400 877 2441 unicuique

165 2442 258 2472 tribui
269 2443 400 2473 tricenas
410 2443 557 2473 stationes
569 2444 691 2473 navium
699 2448 876 2472 construen-

165 2484 221 2514 das
245 2485 380 2525 assignat
394 2485 425 2516 iu
443 2485 562 2516 Piraeeo
578 2490 670 2526 portu
686 2486 876 2520 Atheniensi,

164 2532 199 2558 ut
214 2528 344 2568 singulae
360 2530 507 2559 stationes
521 2529 658 2569 singulas
674 2529 815 2558 triremes
827 2539 876 2559 ca-

165 2571 261 2610 piant,
272 2576 304 2602 et
319 2572 565 2602 distributionem
578 2582 681 2611 parem
695 2572 725 2601 in
737 2572 876 2608 trientes,

133 2626 136 2629 ·
164 2619 199 2644 ut
213 2625 306 2654 supra
316 2615 401 2651 facit,
413 2615 581 2654 sortitoque
593 2615 685 2645 etiam
700 2615 799 2644 omnia
811 2615 877 2645 vult

911 504 1021 535 ouibus
1048 505 1198 534 immunes
1214 509 1299 534 erant
1322 504 1481 534 trierarchi
1498 506 1622 536 classici

912 548 1008 584 cives,
1037 549 1093 577 hoc
1114 552 1172 582 est,
1196 548 1301 586 primae
1328 547 1437 577 classis
1453 548 1622 579 munifices.

912 591 964 620 Sic
975 591 1052 621 enim
1070 591 1170 629 inquit
1184 590 1236 619 ille
1252 590 1281 618 in
1298 591 1438 629 proxime
1451 590 1533 620 dicta
1545 592 1624 621 Ora-

913 634 1005 670 tione,
1030 634 1052 663 οἶ
1079 633 1133 673 μὲν
1159 634 1243 663 τοίνυν
1264 633 1476 663 πλουσιώτατοι
1500 645 1623 674 τξιηραρ-

910 678 1026 717 χοῦντες
1048 677 1103 713 ἀεὶ,
1120 679 1174 706 τοῖν
1187 678 1311 717 χορηγῶν
1325 677 1437 710 ἀτελεῖς
1453 677 1624 718 ὑπάρχουσι.

912 721 933 750 οἱ
965 719 993 749 δὲ
1020 719 1136 750 ἐλάττω
1163 722 1218 749 τῶν
1246 719 1341 748 ἱκανῶν
1369 720 1547 758 κεκτημένοι,
1576 722 1625 750 'rb-a

911 764 1064 801 ἀναγκαίαν
1088 761 1220 793 ἀτέλειαν
1240 761 1361 802 ἔχοντες,
1384 762 1436 801 ἔξω
1459 764 1507 791 τοῦ
1525 761 1624 797 τέλους

911 807 965 835 εἷο-ἶ
981 806 1090 836 τούτου.
1106 810 1114 823 ‘
1126 805 1206 844 atqui
1221 805 1364 834 ditissimi
1378 816 1445 835 cum
1459 816 1579 844 semper
1591 806 1622 836 in

911 860 1037 879 munere
1060 849 1244 879 trierarcbiae
1262 849 1402 888 occupati
1420 849 1491 883 sint,
1505 859 1522 878 a
1538 849 1624 879 thea-

913 892 1041 922 tralibus
1078 891 1326 932 praestationibus
1364 892 1512 922 immunes
1542 897 1621 921 sunt.

913 937 1048 973 Quorum
1081 941 1180 964 autem
1213 935 1372 964 facultates
1404 935 1482 964 infra
1510 945 1623 964 census

913 984 994 1013 sunt,
1006 979 1027 1008 ii
1044 989 1110 1008 cum
1125 978 1325 1007 necessariam
1342 978 1560 1007 immunitatem
1572 978 1625 1008 ha-

912 1023 1014 1058 beant,
1041 1032 1076 1051 ne
1108 1022 1165 1050 hoc
1194 1021 1315 1060 quidem
1343 1031 1452 1050 munus
1475 1020 1624 1052 obibunt.’

913 1066 1040 1095 Munera
1060 1070 1159 1094 autem
1172 1064 1297 1103 publica
1312 1074 1372 1094 uno
1388 1064 1507 1093 nomine
1522 1064 1625 1094 Litur·

912 1108 972 1146 gine
987 1108 1138 1137 dicuntur.
1184 1107 1322 1143 Quorum
1337 1117 1447 1145 genera
1465 1114 1534 1136 sunt
1543 1107 1624 1137 cho-

913 1151 1010 1190 regia,
1023 1152 1052 1180 id
1067 1156 1125 1184 est.
1141 1150 1297 1189 praestatio
1314 1151 1536 1189 suppeditando
1552 1151 1625 1180 cho-

914 1205 947 1223 ro
966 1195 1087 1223 inventa
1103 1194 1275 1223 liberalium
1291 1193 1431 1223 ludorum
1445 1197 1582 1232 tempore
1595 1200 1626 1223 et

915 1238 1198 1266 Panathenaeorum.
1245 1236 1412 1272 Hestiasis,
1428 1236 1459 1265 id
1474 1241 1533 1272 est,
1545 1237 1626 1266 Con-

914 1280 1030 1310 vivatio
1048 1290 1115 1315 seu,
1131 1280 1253 1318 epulum
1269 1279 1404 1309 tributim
1423 1280 1560 1309 exhiberi
1577 1290 1626 1309 so-

913 1323 1011 1352 litum.
1057 1321 1311 1362 Gymnasiarchia
1340 1322 1440 1351 oleum
1471 1323 1625 1362 palaestrae

917 1366 1136 1405 suppeditabat
1163 1365 1286 1405 privato
1314 1369 1450 1404 sumptu.
1494 1366 1625 1404 Isphora

914 1410 1075 1439 dicebatur
1098 1409 1220 1438 collatio
1246 1408 1285 1437 ad
1309 1408 1461 1447 stipendia
1485 1409 1625 1439 militum.

917 1454 1024 1481 Restat
1050 1462 1121 1491 pars
1150 1451 1282 1481 secunda
1309 1456 1485 1490 apparatus,
1510 1452 1540 1480 id
1567 1457 1626 1488 est,

915 1496 1037 1524 collatio
1062 1495 1214 1524 universae
1246 1494 1383 1523 civitatis
1412 1495 1448 1523 ad
1474 1495 1625 1534 stipendia

914 1539 1053 1567 militum.
1086 1539 1175 1567 Hanc
1190 1541 1305 1577 partem
1320 1538 1540 1567 Demosthenes
1556 1547 1627 1576 per-

914 1581 1037 1611 strinxit
1054 1582 1194 1610 oratorie.
1224 1580 1356 1609 Videbat
1367 1580 1445 1609 enini
1459 1581 1626 1617 gratiosam

914 1635 980 1654 esse
991 1625 1155 1654 orationem
1167 1625 1202 1653 ad
1213 1624 1363 1662 populum
1378 1633 1434 1652 non
1447 1634 1549 1662 posse,
1559 1633 1626 1663 quae

914 1668 1022 1707 populi
1039 1668 1200 1697 facultates
1217 1666 1402 1695 exhauriret.
1449 1667 1524 1696 Cum
1552 1677 1625 1706 ergo

916 1711 1036 1740 videret
1050 1710 1171 1740 immani
1194 1710 1356 1739 collatione
1373 1719 1451 1747 opus
1468 1720 1547 1745 esse,
1563 1720 1626 1740 ma-

910 1755 1038 1794 joreque
1050 1754 1224 1783 facultatum
1237 1758 1334 1792 parte,
1348 1762 1435 1791 quam
1449 1757 1560 1782 uttunc
1571 1763 1626 1791 po·

913 1797 1004 1836 pulus
1020 1797 1150 1826 nondum
1172 1797 1306 1826 adventu
1325 1796 1421 1824 hostis
1447 1796 1628 1836 perterritus

913 1841 992 1870 ferre
1015 1846 1132 1879 posset,
1151 1840 1177 1869 si
1194 1850 1211 1869 a
1227 1850 1259 1868 se
1279 1844 1445 1874 taxaretur,
1459 1850 1513 1868 nec
1529 1839 1625 1868 miuo-

914 1893 976 1913 rem
993 1884 1096 1913 dicere
1113 1883 1217 1918 vellet,
1231 1882 1260 1911 id
1278 1887 1335 1917 est,
1348 1892 1412 1911 eam
1428 1893 1494 1920 quae
1510 1882 1625 1921 populo

914 1927 1083 1956 tolerabilis
1114 1936 1183 1955 esse
1215 1931 1287 1954 tunc
1312 1926 1478 1964 potuisset,
1504 1926 1623 1954 tandem

913 1969 1046 2007 seipsum
1068 1969 1200 1998 oratorie
1224 1969 1426 2005 interrogans,
1442 1974 1471 1996 et
1487 1967 1624 1997 vicissim

913 2013 1102 2051 respondens
1125 2012 1167 2041 ita
1185 2011 1285 2050 inquit
1302 2011 1400 2051 [§.r'1.]
1427 2010 1470 2044 τίς
1493 2007 1535 2038 οὖν
1558 2010 1626 2040 ἔσθ’

913 2053 990 2090 οἶτος
1003 2067 1056 2093 3—-
1066 2056 1273 2095 πςοσενεγκεῖη
1301 2054 1455 2089 Quodnam
1471 2054 1568 2093 igitur
1584 2060 1623 2084 est

913 2097 962 2127 hoc
977 2098 1123 2138 vectigal?
1147 2099 1178 2127 id
1193 2098 1269 2137 qnod
1283 2107 1362 2126 nunc
1374 2098 1489 2137 quidem
1504 2107 1559 2126 non
1571 2102 1622 2132 est,

914 2147 984 2170 tunt·
997 2147 1093 2171 autem
1109 2140 1256 2182 futurum
1271 2140 1332 2169 est?
1378 2140 1517 2179 Equidem
1533 2140 1623 2169 simile

911 2185 981 2223 qnid
1012 2185 1164 2224 oenigntati
1194 2185 1289 2213 dicere
1317 2182 1364 2212 hic
1394 2194 1451 2212 nou
1480 2182 1622 2212 dubitem.

914 2226 1028 2267 Ecquid
1051 2227 1125 2257 hanc
1140 2228 1284 2256 civitatem
1300 2236 1420 2261 omnem,
1433 2237 1448 2254 o
1463 2227 1519 2255 viri
1533 2226 1623 2256 Athe-

910 2271 1028 2306 nienses,
1042 2269 1181 2300 cernitis?
1229 2269 1264 2299 ln
1285 2268 1338 2298 hnc
1359 2279 1408 2309 ege>
1430 2270 1501 2307 ipsa,
1515 2278 1622 2307 parum

911 2314 987 2342 abest
1005 2314 1077 2353 quin
1093 2314 1187 2342 dicum
1210 2318 1326 2342 tantum
1348 2313 1543 2350 pecuniarum
1558 2321 1623 2347 esse,

911 2362 1053 2395 quantum
1071 2358 1100 2386 in
1121 2357 1188 2385 aliis
1202 2356 1332 2385 omnibus
1345 2355 1524 2390 civitatibus,
1540 2357 1623 2395 utqui

911 2400 961 2439 qui
975 2409 1021 2428 eas
1030 2400 1183 2438 possident,
1193 2399 1360 2438 hujusmodi
1371 2404 1491 2427 mentem
1506 2398 1622 2433 hubent,

911 2447 945 2471 ut
959 2443 982 2471 si
995 2441 1130 2472 Oratores
1142 2452 1235 2472 omnes
1247 2448 1353 2471 terrere
1364 2451 1408 2471 eos
1418 2441 1551 2476 volentes,
1563 2440 1624 2472 Re-

909 2495 974 2525 gem
996 2490 1151 2515 venturum
1174 2485 1288 2520 dicant,
1302 2490 1388 2524 atque
1406 2487 1494 2514 etiam
1514 2485 1623 2514 adven-

911 2533 1029 2563 tantem,
1053 2529 1186 2568 quodque
1208 2527 1267 2557 haec
1288 2528 1376 2557 aliter
1398 2526 1501 2558 habere
1522 2537 1549 2557 se
1572 2537 1623 2557 ne-

911 2575 1022 2610 queant
1031 2583 1042 2608 ‚-
1074 2571 1113 2601 ad
1141 2571 1199 2601 hoec
1227 2571 1250 2600 si
1274 2580 1341 2600 cum
1369 2571 1439 2609 ipsis
1465 2571 1622 2600 orationem

911 2613 1080 2644 habentibus
1091 2613 1240 2655 futurum
1263 2614 1306 2643 ita
1324 2614 1488 2653 praedicant
1506 2613 1622 2643 totidem

165 2658 296 2698 transigi
312 2663 346 2688 ut
361 2659 466 2688 decem
484 2658 582 2688 tribus
599 2659 702 2688 decem
720 2658 789 2688 loca
810 2668 876 2688 sor·
899 2656 1039 2698 fatidici,
1057 2667 1093 2687 ‘ne
1111 2658 1152 2687 sic
1175 2657 1288 2697 quidem
1307 2657 1446 2696 pecunias
1465 2662 1623 2685 ostensuros

164 2700 278 2730 tiantur
305 2702 431 2732 tricenis
459 2701 640 2732 stationibus
668 2700 829 2737 faciendis,
845 2706 876 2731 et

165 2742 324 2774 trierarchi
344 2744 454 2774 sortito
477 2745 507 2774 in
530 2744 600 2774 loca
615 2749 646 2774 et
667 2744 814 2774 stationes
830 2745 876 2774 di·

163 2785 362 2818 stribuantur.
405 2788 484 2818 Haee
497 2798 621 2818 munera
637 2787 711 2818 Tele
724 2787 756 2816 in
774 2787 876 2816 Litar-

165 2828 224 2866 giae
252 2834 283 2858 et
314 2831 451 2869 Isphorae
479 2841 496 2860 a
525 2832 643 2861 Graecis
673 2830 876 2871 appellantur.

164 2872 241 2909 Quae
265 2873 358 2902 verba
382 2874 464 2904 nullo
488 2873 666 2904 discrimine
689 2875 725 2904 ab
743 2873 875 2904 Oratore

164 2918 351 2952 usurpantur
365 2915 396 2945 in
412 2917 558 2947 Oratione
574 2928 642 2957 quae
654 2916 720 2957 πρὸς
729 2915 876 2951 Λεπτίνην,

163 2957 250 2995 qnasi
264 2958 344 2996 apud
357 2958 517 2998 Leptinen,
534 2971 593 2990 nou
607 2966 710 2990 contra
728 2960 875 2999 Leptinen

164 2998 350 3030 inscribitur.
397 3003 445 3032 Ab
463 3002 510 3032 his
533 3003 702 3034 minoribus
726 3002 874 3042 praestati-

909 2710 962 2730 esse
984 2705 1095 2738 putem,
1110 2704 1165 2730 ant
1186 2698 1363 2740 prqfcssuros
1382 2709 1437 2734 eas,
1459 2698 1566 2727 nedum
1580 2698 1620 2726 ad

908 2743 1090 2773 collationem
1103 2744 1233 2773 daturos.
1279 2742 1365 2777 Quod
1377 2743 1401 2772 si
1415 2752 1447 2771 ea
1463 2751 1524 2780 quae
1539 2749 1620 2769 nunc

908 2787 1075 2816 verbotenus
1098 2786 1228 2826 terrifica
1245 2787 1420 2825 jactantur,
1434 2792 1532 2821 reapse
1555 2783 1620 2822 geri

908 2830 1057 2865 senserint,
1073 2829 1175 2859 nullus
1195 2830 1298 2868 utique
1318 2836 1406 2866 usque
1421 2826 1491 2855 adeo
1511 2824 1621 2854 stultus

908 2877 959 2908 est,
970 2874 1041 2912 quin
1052 2878 1080 2902 et
1092 2873 1201 2911 prolixe
1211 2872 1292 2905 dure,
1301 2871 1367 2899 etin
1379 2869 1480 2907 primis
1489 2867 1622 2908 conferre

908 2916 986 2946 vetit.
1021 2915 1147 2956 Ecquem
1159 2916 1236 2944 enim
1248 2923 1304 2943 esse
1318 2912 1473 2944 credimus,
1484 2911 1535 2950 qui
1546 2910 1619 2939 bona

908 2968 963 2989 sua
972 2965 1080 2989 cuncta
1093 2958 1212 2997 perdere
1225 2956 1340 2987 tandem
1355 2955 1448 2987 malit,
1459 2951 1619 3002 quamftrr-

908 3006 1053 3032 mnarum
1073 3010 1196 3030 suarum
1208 3003 1321 3038 partem
1334 3006 1386 3035 pro
1403 3002 1508 3034 capute,
1524 3006 1559 3026 uc
1574 3005 1621 3024 re·
