1824 3171
197 175 327 212 clxxvi
639 177 851 217 REISKII
882 178 1181 218 PRAEFATIO

194 286 233 316 et
253 279 458 330 exquisitas
479 288 766 327 consectantur,
789 294 878 319 vere
898 282 1063 320 difficilia
1083 289 1318 333 praetereunt
1338 290 1375 321 et
1396 283 1646 329 dissimulant,

193 340 231 376 in
248 341 362 378 rebus
382 342 590 392 perspicuis
611 342 659 380 de
679 343 848 380 tenebris
864 351 1092 393 queruntur,
1114 344 1300 393 expedita
1318 344 1395 381 suis
1415 344 1570 393 argutiis
1589 344 1645 380 in-

190 401 345 446 tricant,
369 403 473 440 clara
501 404 728 453 perturbant
754 411 792 441 et
811 405 1033 441 obscurant.
1090 404 1262 455 Tayloro
1283 406 1311 442 si
1333 406 1539 443 natandum
1563 405 1645 442 sine

191 463 336 501 cortice
356 463 487 501 Wolfii
503 464 651 509 fuisset,
673 478 732 501 nae
752 471 818 502 aut
831 465 992 502 cavisset
1013 464 1083 501 sibi
1103 466 1151 502 ab
1175 464 1243 502 hac
1265 466 1471 511 natatione,
1493 474 1560 503 aut
1579 479 1646 516 pe-

191 524 352 561 riculum
374 528 454 572 ejus
485 537 572 562 cum
594 525 789 564 dedecore
809 538 878 563 suo
905 525 1075 563 fecisset.
1134 525 1278 576 Ecquis
1299 527 1400 564 enim
1431 527 1575 578 Taylor
1596 526 1645 564 ad

191 585 398 623 wolfium!
428 585 591 635 Largiar
612 586 778 636 Anglum
808 585 846 622 in
869 589 956 634 jure
977 586 1115 623 Attico
1135 587 1248 636 paulo
1279 587 1363 637 plus
1382 587 1521 625 vidisse
1543 588 1643 625 Ger-

188 660 316 692 mano,
338 647 441 696 quod
471 647 606 684 mirum
627 661 703 685 non
725 655 783 684 est
802 655 890 697 post
912 646 1058 697 scripta
1078 646 1206 692 Petiti,
1230 647 1419 693 salmasii,
1448 648 1644 685 Maussaci

189 716 229 745 et
257 708 421 746 maxime
442 709 584 746 Valesii
613 709 663 747 ad
685 708 1051 759 Harpocrafflonem,
1071 722 1156 759 quae
1178 709 1308 747 Wolfii
1333 716 1448 747 aetate
1472 709 1643 747 nondum

187 777 279 807 nata
310 777 429 808 erant.
485 770 647 821 Largiar
674 771 751 809 hoc
777 783 944 822 quoque,
976 771 1184 822 Taylorum
1214 771 1497 810 instructiorem
1522 771 1643 808 fuisse

189 831 309 882 copiis
335 832 515 869 librorum
543 832 937 880 demosthenicorum,
973 839 1011 870 et
1045 832 1180 871 melius
1210 833 1252 870 iis
1285 833 1336 870 uti
1367 834 1499 877 scisse,
1526 845 1642 884 quam

189 893 388 937 WVolfium,
404 907 517 943 quem
534 900 628 932 aetas
646 894 734 932 tulit
760 894 956 932 nascentis
973 894 1099 931 adhuc
1120 894 1286 940 critices,
1306 902 1345 932 et
1364 895 1402 932 in
1421 894 1642 932 ordinandis

187 955 258 992 illis
284 955 511 992 lectionibus
529 955 647 993 fuisse
668 954 952 1006 diligentiorem
978 962 1095 1004 atque
1115 956 1367 994 solertiorem.
1424 956 1470 993 In
1491 956 1642 994 caeteris

186 1023 315 1054 tamen
337 1016 514 1053 omnibus
543 1016 602 1053 aio
622 1016 808 1054 Wolfium
836 1015 1003 1066 Tayloro
1027 1017 1335 1054 anteferendum.
1391 1016 1482 1055 Plus
1501 1016 1642 1054 laboris

187 1077 396 1116 exantlavit
429 1077 466 1114 in
500 1078 764 1117 Demosthene
792 1078 1100 1129 interpretando,
1134 1078 1268 1116 melius
1299 1079 1530 1117 sententiam
1559 1082 1640 1126 ejus

186 1139 391 1191 perspexit,
414 1147 453 1177 et
482 1140 664 1185 reddidit,
691 1140 827 1178 melius
855 1141 973 1178 latine
993 1140 1135 1184 calluit,
1163 1140 1335 1191 pluribus
1365 1141 1460 1179 locis
1480 1140 1640 1179 medici-

184 1215 286 1246 nam,
309 1208 347 1238 et
372 1200 585 1238 feliciorem
605 1200 772 1252 quidem,
794 1201 933 1246 attulit,
958 1214 1071 1251 quam
1094 1201 1298 1252 Taylorus‚
1327 1205 1436 1250 cujus
1456 1202 1638 1240 emenda-

185 1264 310 1301 tiones
326 1276 375 1300 ex
396 1263 478 1313 ipso
494 1270 595 1300 natue
611 1263 807 1314 pleraeque
823 1270 888 1301 aut
907 1263 1099 1308 leviculae,
1114 1271 1180 1301 aut
1194 1263 1398 1301 manifesto
1413 1263 1519 1301 falsae
1536 1270 1639 1307 sunt,

183 1326 247 1362 vix
266 1333 344 1362 tres
365 1331 576 1375 quatuorve
602 1325 640 1361 in
667 1332 750 1362 toto
780 1324 932 1375 agmine
952 1324 1146 1374 capitales,
1171 1337 1331 1375 quarum
1361 1324 1397 1362 ei
1426 1337 1565 1373 magna
1590 1324 1639 1361 sit

181 1387 360 1424 habenda
379 1385 513 1436 gratia,
525 1386 662 1436 quibus
677 1385 913 1424 inveniendis
928 1399 1006 1423 non
1022 1385 1125 1422 aliud
1141 1386 1402 1435 quodeunque
1419 1398 1487 1436 par
1502 1385 1639 1422 fuisset

182 1448 392 1498 ingenium.
449 1447 593 1498 Taylor
624 1447 655 1484 si
682 1447 902 1497 diligentius
932 1446 1136 1484 editionem
1168 1447 1333 1484 Manutii
1362 1454 1429 1483 aut
1455 1446 1638 1487 Feliciani

182 1509 423 1560 inspexisset,
451 1521 528 1546 non
555 1507 870 1559 reprehendisset
898 1507 1013 1545 toties
1040 1507 1225 1544 Wolfium
1263 1508 1312 1545 ob
1343 1507 1554 1544 novitatem
1587 1507 1640 1544 le-

183 1571 334 1617 ctionis,
353 1570 462 1622 quasi
481 1569 596 1608 Wolf
605 1571 654 1608 de
675 1582 745 1608 suo
766 1568 952 1608 lectiones
971 1569 1156 1620 quasdam
1177 1575 1280 1606 esset
1297 1575 1549 1614 commentus,
1569 1568 1640 1606 du-

183 1635 274 1672 dum
294 1640 382 1672 ante
398 1646 420 1671 a
435 1633 613 1671 Manutio
632 1633 816 1684 proditas.

237 1695 330 1733 Tria
357 1695 511 1732 omnino
541 1694 615 1731 vidi
643 1694 755 1744 hujus
786 1693 964 1732 editionis
995 1693 1223 1744 Tayloranae
1258 1693 1448 1744 exempla,
1476 1706 1635 1744 quorum

181 1770 312 1801 unum,
329 1757 432 1806 quod
448 1763 506 1793 est
521 1768 642 1806 penes
659 1756 849 1793 Thomam
865 1754 1086 1799 Krebsium,
1104 1754 1149 1792 V.
1173 1754 1218 1792 C.
1250 1754 1461 1792 Rectorem
1480 1754 1634 1793 Scholae

181 1817 432 1856 Provincialis
462 1817 512 1854 ad
544 1817 772 1862 Grimmam,
808 1816 1138 1854 observationibus
1168 1815 1357 1854 Flavianis
1387 1823 1427 1853 et
1456 1816 1633 1855 Decretis

180 1881 443 1918 Romanorum
461 1892 530 1930 pro
551 1878 699 1916 Judaeis
719 1877 973 1923 nobilitatum,
994 1879 1154 1915 tenebat
1178 1877 1334 1928 aliquid,
1355 1878 1460 1927 quod
1479 1878 1516 1914 in
1537 1879 1633 1916 duo-

179 1944 252 1980 bus
272 1941 429 1992 reliquis
448 1954 526 1979 non
544 1940 794 1978 animadverti
813 1956 822 1984 ;
849 1940 1000 1978 scilicet
1015 1947 1101 1990 post
1116 1941 1230 1977 finem
1247 1938 1427 1978 orationis
1441 1940 1478 1977 in
1498 1940 1633 1991 Lepti-

178 2017 282 2047 nem,
305 2017 341 2053 p.
362 2006 426 2041 63.
449 2002 514 2039 ubi
534 2002 572 2039 in
592 2001 674 2040 aliis
694 2001 882 2053 exemplis
904 2001 1063 2052 Taylori
1084 2001 1120 2038 in
1144 2002 1250 2038 illam
1277 2002 1487 2041 orationem
1512 2014 1631 2039 anno-

178 2066 341 2103 tationes
360 2063 561 2116 incipiunt,
581 2063 816 2113 incipiebant
835 2062 980 2100 scholia
999 2075 1129 2112 graeca
1147 2062 1185 2099 in
1204 2063 1307 2100 illam
1329 2063 1548 2107 orationem,
1561 2076 1630 2113 pro

177 2140 282 2165 more
304 2126 482 2164 editionis
503 2125 810 2163 Francfurtanae.
863 2123 1022 2174 Paginae
1049 2124 1110 2161 hae
1137 2124 1223 2162 duae
1239 2129 1303 2164 63.
1321 2133 1360 2163 et
1378 2128 1444 2164 64.
1462 2124 1630 2175 impletae

179 2196 288 2227 erant
306 2188 379 2225 illis
399 2187 567 2232 scholiis,
598 2186 770 2230 minutis,
790 2198 866 2222 non
888 2192 1015 2222 tamen
1043 2185 1217 2230 minimis,
1248 2199 1373 2236 neque
1399 2185 1631 2224 deformibus

174 2250 290 2301 typis.
347 2249 448 2286 Tum
471 2249 605 2286 charta
622 2247 825 2297 singularis
846 2253 930 2283 erat
949 2245 1101 2294 adjecta
1122 2259 1210 2283 cum
1224 2246 1359 2284 iisdem
1379 2246 1543 2285 numeris
1561 2251 1628 2286 63.

177 2320 216 2349 et
235 2315 299 2350 64.
317 2318 452 2348 tenens
469 2309 616 2346 initium
634 2315 808 2345 notarum
824 2307 863 2343 in
878 2307 1122 2356 Leptineam.
1143 2307 1294 2345 videtur
1309 2308 1452 2359 Taylor
1466 2308 1627 2359 primum

173 2374 336 2411 voluisse
363 2372 508 2409 scholia
533 2383 662 2421 graeca
689 2369 830 2419 cuique
859 2369 1019 2405 orationi
1050 2369 1266 2417 subjicere;
1301 2370 1444 2408 deinde
1468 2382 1560 2407 vero
1579 2371 1628 2408 ab

171 2436 238 2472 illo
257 2434 451 2485 proposito
472 2432 678 2478 destitisse,
698 2438 738 2469 et
758 2430 821 2467 illa
842 2430 986 2468 scholia
1007 2430 1183 2468 universa
1202 2431 1335 2481 quinto
1352 2444 1432 2469 suae
1452 2431 1628 2469 editionis

174 2495 355 2533 volumini
374 2507 603 2532 reservasse.

227 2557 349 2594 Nefas
379 2556 427 2592 sit
447 2555 641 2606 specimen
665 2553 815 2591 silentio
835 2552 1143 2604 praetermittere,
1164 2566 1240 2603 quo
1261 2553 1407 2604 Taylor
1426 2554 1525 2591 hanc
1545 2553 1626 2590 edi·

172 2620 316 2656 tionem
345 2630 452 2653 suam
485 2616 735 2654 annuntiavit.
794 2615 928 2653 Oratio
958 2623 1016 2651 est
1045 2615 1245 2652 Demosth.
1275 2615 1312 2651 in
1343 2615 1506 2653 Midiam
1535 2628 1624 2652 cum

175 2680 344 2718 oratione
361 2679 528 2729 Lycurgi
550 2678 586 2715 in
607 2677 840 2716 Leocratem
861 2676 964 2714 edita
985 2676 1148 2713 Londini
1172 2677 1219 2715 A.
1242 2678 1358 2718 1743.
