1824 3171
184 173 300 213 clxxii
623 173 835 212 REISKII
865 174 937 213 PR
945 176 1158 215 AEFATIO

186 278 234 315 ab
264 276 346 327 ipso
372 282 615 325 curatarum;
644 285 683 315 et
713 278 800 316 duae
826 278 981 329 quidem
1012 278 1059 315 ad
1089 278 1333 329 magnificum
1354 287 1393 318 et
1413 291 1636 330 generosum

186 337 309 374 virum
334 336 396 376 Io.
423 338 610 376 Iacobum
630 339 852 389 Fuggerum
870 361 920 368 --
938 339 1059 389 prima
1085 340 1135 378 ad
1155 341 1458 380 Demosthenem
1479 342 1638 379 latinum

187 411 212 436 a
233 411 274 436 se
293 399 451 445 factum,
471 399 610 450 scripta
632 400 676 438 A.
700 404 816 439 1549.
845 400 965 439 altera
993 401 1043 438 ad
1064 402 1229 439 eundem
1256 403 1295 440 in
1324 404 1638 441 Demosthenicae

186 460 448 498 conversionis
475 460 779 510 recognitionem
800 461 939 512 scripta
954 461 1000 499 A.
1019 465 1134 501 1553.
1156 463 1277 509 tertia,
1293 465 1435 515 scripta
1455 465 1500 502 Α.
1523 467 1638 503 1568.

187 521 238 559 ad
258 520 477 558 Henricum
495 520 664 567 fratrem,
686 520 890 572 physicum
918 522 1296 573 Norimbergensem,
1326 526 1488 576 praefixa
1516 525 1640 576 speci-

187 581 279 619 mini
304 590 506 632 postremae
534 582 822 632 recognitionis.
877 583 995 622 Juvat
1023 596 1074 622 ex
1096 584 1168 622 illis
1194 585 1311 624 tribus
1337 587 1508 637 epistolis
1535 587 1641 623 locos

188 642 374 692 quosdam
402 642 452 680 ad
478 642 672 681 historiam
702 644 977 683 Demosthenis
995 645 1177 683 Wolfiani
1204 647 1392 685 facientes
1412 648 1490 685 huc
1519 655 1642 684 trans-

193 704 292 741 ferre
307 727 359 731 —

363 774 389 803 E
405 773 514 812 prima.
559 777 714 815 Oporinus
728 778 843 809 Wolfio
860 778 917 808 fuit
930 783 1036 808 auctor
1050 778 1144 808 latine
1164 778 1303 808 vertendi
1319 780 1408 809 Dem.

321 823 551 855 Wolfindicem
567 827 733 865 graecitatis
750 829 997 859 Demosllienicae
1015 828 1073 858 sibi
1086 829 1211 859 fecerat.

321 873 502 904 Sebastiano
518 876 693 908 Castalione
711 890 783 908 usus
799 885 848 910 est
863 885 1039 910 correctore
1055 890 1117 910 suoe
1133 879 1302 913 latinitatis.

774 1032 944 1076 SECT.
977 1035 1067 1076 IX.

578 1141 639 1177 De
668 1141 942 1193 Franqsurtana
971 1142 1079 1179 Dem.
1108 1142 1273 1180 editione.

251 1249 355 1287 HAEc
377 1248 426 1287 de
446 1249 638 1288 Wolfiana
658 1252 934 1291 Demosthenis
961 1253 1129 1292 editione
1155 1261 1360 1305 postrema,
1381 1268 1468 1305 quoe
1495 1255 1543 1293 ad
1570 1256 1647 1293 hoc

198 1309 274 1347 diei
293 1311 511 1361 plenissima
530 1319 569 1350 et
587 1313 865 1364 perfectissima
882 1315 956 1353 fuit
984 1316 1163 1361 omnium,
1183 1323 1223 1353 et
1240 1316 1510 1366 vulgatissima.
1568 1317 1648 1353 Re-

198 1383 291 1409 cusa
316 1371 472 1421 quidem
502 1375 657 1421 est‘bis‚
688 1376 933 1415 Francofurti
961 1377 1080 1415 semel
1099 1377 1152 1414 A.
1176 1380 1290 1415 1604.
1310 1384 1350 1414 et
1368 1383 1447 1414 tum
1476 1377 1650 1415 Genevae

199 1432 251 1468 A.
275 1435 391 1474 1607.
409 1441 587 1484 praestare
606 1442 735 1474 tamen
757 1438 908 1475 videtur
929 1437 1176 1486 Basileensis‚
1199 1450 1286 1487 quae
1314 1437 1463 1476 videtur
1482 1437 1649 1477 omnium

197 1494 481 1532 correctissima
500 1508 600 1534 esse.
655 1497 896 1535 Genevensis
917 1505 975 1535 est
995 1497 1206 1534 admodum
1227 1498 1391 1537 sordidis
1420 1499 1562 1537 chartis
1582 1509 1652 1536 ex-

199 1567 342 1604 pressa.
369 1564 558 1606 praeterea
585 1565 690 1594 caret
717 1559 862 1609 optima
883 1560 975 1597 dote
995 1559 1200 1597 Wolfianae
1219 1560 1410 1606 editionis,
1434 1561 1564 1599 Wolfii
1583 1573 1653 1598 an-

198 1615 468 1654 notationibus.
525 1617 802 1657 Franefurtana
826 1620 1030 1659 luculentis
1049 1620 1203 1670 quidem
1223 1621 1365 1659 chartis
1392 1622 1571 1673 typisque
1591 1629 1653 1660 est

201 1690 358 1716 excusa.
378 1685 577 1728 praeterea,
599 1680 706 1730 quod
725 1681 763 1718 in
783 1682 1119 1720 commoditatibus
1139 1691 1315 1720 numerat
1335 1683 1548 1733 Fabricius,
1569 1684 1652 1721 uni-

201 1738 338 1789 cuique
358 1739 516 1777 orationi
536 1739 663 1778 statim
679 1741 842 1790 subjecti
861 1750 950 1780 sunt
969 1742 1007 1780 in
1027 1743 1092 1780 illa
1111 1743 1281 1782 editione
1300 1745 1565 1783 commentarii
1587 1745 1655 1784 Ul-

202 1798 355 1850 pianei;
392 1798 548 1838 tandem
585 1801 702 1840 etiam
740 1804 1000 1842 accessionem
1033 1805 1227 1855 quandam
1259 1805 1487 1843 varIantium
1520 1806 1653 1852 habet,

202 1874 318 1911 quam
337 1861 376 1898 in
393 1861 490 1899 libro
510 1875 597 1900 meo
623 1863 849 1903 variantium
868 1865 1062 1917 appellare
1081 1866 1188 1904 soleo
1208 1867 1431 1916 appendicem
1451 1867 1653 1917 Francfur-

203 1927 335 1967 tanam,
359 1922 408 1960 de
434 1935 512 1974 qua
531 1937 618 1975 quae
645 1924 770 1962 dicam
799 1925 885 1964 haec
912 1926 1052 1965 habeo.
1109 1926 1189 1966 Sed
1219 1927 1320 1978 prius
1341 1935 1462 1965 totum
1483 1928 1654 1966 habitum

203 1985 316 2034 hujus
336 1984 400 2022 ed.
421 1984 575 2023 Francf.
595 1985 802 2026 videamus.
848 1988 1038 2026 Universe
1066 1995 1123 2026 est
1146 1988 1281 2026 eadem
1309 2003 1397 2026 cum
1427 1989 1654 2035 Basileensi,

204 2045 278 2084 nisi
298 2046 402 2097 quod
421 2046 693 2097 opusculorum
712 2050 981 2087 nonnullorum
1001 2050 1134 2088 sedem
1154 2051 1326 2089 mutavit.
1357 2051 1403 2089 E.
1425 2064 1460 2089 c.
1476 2051 1658 2103 epistolas

207 2106 339 2145 Wolfii
367 2108 418 2145 ad
444 2108 667 2159 Fuggerum
697 2117 737 2148 et
759 2111 808 2148 ad
828 2111 1044 2149 Henricum
1077 2111 1248 2157 fratrem,
1279 2112 1318 2149 in
1347 2120 1520 2151 extremo
1547 2114 1657 2151 calce

207 2169 440 2207 Basileensis
471 2170 620 2208 locatas
649 2171 842 2210 revocavit
869 2173 952 2210 haec
979 2172 1258 2211 Francfurtana
1286 2174 1336 2211 ad
1367 2175 1490 2225 operis
1523 2175 1659 2226 princi-

207 2231 325 2282 pium.
382 2231 540 2281 Ulpiani
580 2232 734 2270 Scholia
771 2234 929 2272 orationi
965 2233 1103 2283 cuique
1137 2234 1315 2284 subjecit.
1373 2235 1452 2273 Sed
1489 2236 1658 2275 debebat

206 2292 310 2330 idem
329 2298 439 2329 tenor
456 2292 569 2330 etiam
585 2292 622 2329 in
643 2295 928 2332 commentariis
949 2293 1149 2332 WVolfianis
1165 2302 1242 2332 tam
1257 2296 1306 2333 ad
1326 2296 1530 2334 Demosth.
1544 2311 1657 2348 quam

209 2353 260 2390 ad
281 2352 489 2403 Ulpianum
518 2353 655 2399 teneri,
676 2361 717 2391 ut
744 2362 784 2392 et
811 2355 861 2392 ad
892 2354 1082 2393 orationes
1113 2355 1370 2403 adjicerentur
1393 2359 1658 2397 annotationes

209 2427 383 2465 quasque
402 2428 494 2461 suae,
516 2422 556 2453 et
574 2415 624 2452 ad
644 2415 837 2465 Ulpianea
851 2416 997 2454 scholia
1015 2416 1104 2454 item
1125 2429 1217 2454 suae.
1274 2418 1363 2456 Vita
1382 2426 1462 2456 tum
1485 2420 1659 2470 sequitur

212 2477 488 2514 Demosthenis
509 2475 787 2528 olympiadibus
816 2490 862 2515 ae
890 2478 1060 2529 praeturis
1085 2478 1380 2518 Atheniensium
1406 2480 1590 2519 distincta
1607 2495 1658 2520 ex

210 2537 401 2588 parallelis
423 2538 594 2575 Andreae
627 2538 789 2583 Schotti‚
818 2539 1101 2579 accessionibus
1128 2541 1372 2591 locupletata.
1429 2543 1660 2581 Annotatio-

211 2611 301 2635 num
319 2598 437 2635 series
455 2599 569 2649 plane
588 2598 737 2637 inversa
757 2608 827 2638 est.
885 2601 1051 2652 Reliqua
1067 2602 1191 2640 omnia
1209 2611 1297 2640 sunt
1316 2603 1452 2641 eadem
1472 2612 1512 2641 ut
1529 2605 1567 2642 in
1588 2606 1661 2643 Ba-

212 2659 377 2703 sileensi,
398 2659 468 2696 nisi
498 2660 602 2710 quod
627 2661 664 2697 in
693 2661 768 2699 sine
799 2662 941 2699 additae
971 2670 1058 2699 sunt
1079 2664 1242 2700 lectiones
1261 2664 1298 2700 in
1315 2664 1584 2702 Demosthenem
1604 2668 1657 2704 (Ιὶ-

212 2733 323 2757 tersae
343 2719 422 2769 (liic
443 2728 500 2757 est
520 2721 651 2758 titulus
670 2722 769 2760 illius
790 2723 976 2773 opusculi)
997 2730 1069 2760 tum
1087 2738 1103 2760 e
1121 2725 1238 2761 codice
1255 2726 1402 2773 quodam
1422 2723 1562 2764 vetusto
1577 2728 1659 2766 Ita-

213 2784 292 2826 lico,
309 2788 380 2818 ium
397 2796 437 2818 cnr
461 2782 604 2827 Aldina,
625 2785 682 2819 cui
701 2785 781 2820 illas
803 2786 858 2820 rit·
877 2786 1099 2822 ‹lm-tissimus
1120 2799 1223 2821 malm
1235 2787 1383 2833 propria
1403 2787 1658 2837 (zdairripscral,

220 2843 446 2887 Uolandum,
467 2844 569 2892 qnod
591 2852 745 2881 curator
765 2845 876 2895 liujus
896 2846 1084 2889 editionis,
1106 2846 1270 2896 quisquis
1290 2847 1374 2891 fuit,
1396 2855 1472 2885 tani
1493 2849 1659 2888 incertos

214 2918 282 2943 nos
303 2904 435 2944 dehac
458 2904 659 2944 collatione
681 2906 886 2957 reliquerit.
909 2915 985 2945 tam
1006 2908 1179 2954 obscure,
1202 2917 1277 2946 tam
1298 2908 1442 2947 infinite
1463 2909 1510 2948 de
1524 2912 1659 2955 codice
