1824 3171
155 100 248 142 lxxii
612 105 939 144 IIIERONYMI
970 106 1171 145 WOLFII

153 218 259 244 meas
287 219 375 244 cum
398 206 518 245 Croesi
539 215 604 245 aut
628 209 754 247 Crassi
775 208 923 248 divitiis.
983 208 1060 247 Sed
1079 210 1194 255 enim,
1214 221 1301 259 quae
1320 208 1432 247 nobis
1453 215 1606 260 reperta

154 274 256 313 sunt,
276 280 322 305 ea
340 267 421 306 aliis
442 268 606 306 candide
626 269 886 320 impertiemus
904 283 912 307 t
943 270 1115 320 rogaturi
1136 270 1317 314 lectores,
1335 277 1377 306 ut
1394 269 1493 315 haec,
1514 281 1607 320 qua·

153 328 358 378 liacunque
388 328 476 373 sint,
509 329 598 366 boni
625 330 841 375 consulant,
869 337 908 367 et
926 330 984 367 his
1004 330 1202 367 nobiscum
1222 336 1390 375 utantur,
1409 336 1447 366 et
1468 329 1497 366 si
1518 329 1610 379 quid

154 388 298 426 rectius
326 388 406 426 istis
435 388 502 439 ipsi
523 389 730 440 aliquando
751 390 977 435 invenerint,
998 390 1108 427 nobis
1129 389 1291 427 vicissim
1317 390 1483 440 benigne
1505 403 1610 428 com-

153 451 361 489 munIcent.
419 450 505 488 Tibi
539 464 644 496 vero,
681 452 919 502 Hieronyme
951 450 1203 496 ornatissime,
1237 451 1311 488 hoc
1338 451 1518 501 quicquid
1550 458 1611 489 est

153 511 342 561 opusculi,
361 511 582 548 nominatim
599 512 749 556 dedico,
771 525 858 549 cum
876 511 1152 548 Demosthenis
1171 511 1331 548 amatori
1350 525 1510 557 summo,
1528 519 1610 549 tum

152 572 287 609 lectori
307 571 608 621 diligentissimo,
642 580 681 610 et
714 573 888 610 imitatori
916 572 1149 610 felicissimo.
1216 572 1358 623 Neque
1388 573 1488 610 enim
1518 573 1611 610 anti-

152 633 299 682 quitate
317 633 469 682 generis
484 633 618 679 solum,
636 634 705 672 sed
720 633 983 684 pulcherrimis
1003 646 1153 683 quoque
1173 633 1355 671 virtutum
1376 633 1608 671 ornamentis

152 693 358 731 decoratus
384 707 438 738 es,
456 701 494 732 et
515 694 713 745 utriusque
742 695 950 732 literaturae
980 695 1244 745 peritissimus.
1301 695 1452 746 Accipe
1481 695 1608 745 itaque

151 754 322 792 libellum
345 755 448 792 hunc
468 755 580 792 studii
604 756 644 792 in
672 763 710 794 te
741 757 815 793 mei
847 763 1136 794 monumentum
1167 763 1207 794 et
1232 756 1383 807 pignus,
1408 757 1512 806 quod
1539 755 1608 794 tibi

153 816 329 853 amiciti-oe,
357 823 494 853 nostrae
521 817 713 866 quondam
742 817 858 862 initae,
893 824 931 854 et
960 817 1284 868 condiscipulatus
1317 817 1435 855 nostri
1466 830 1610 855 memo-

152 876 246 913 riam
282 876 448 913 refricet.
516 876 790 914 Ornatissimos
818 885 933 927 atque
967 877 1241 915 eruditissimos
1273 878 1386 922 viros,
1417 877 1609 915 Andream

153 937 400 981 Osiandrum,
431 934 678 975 Dominicum
716 938 982 988 Sleupnerum,
1005 938 1263 976 Venceslaum
1291 938 1481 989 Lyncum,
1503 938 1609 976 Tho-

150 1011 251 1035 mam
269 997 530 1043 Venatorium,
550 998 790 1036 Ioachimum
808 999 1084 1045 Camerarium,
1108 999 1343 1037 Michaelem
1368 999 1607 1049 Rotingium,

152 1059 204 1096 D.
225 1059 542 1109 Christophorum
565 1060 765 1104 Kolerum‚
790 1060 989 1097 Erasmum
1013 1060 1222 1105 Ebnerum,
1246 1061 1305 1097 M.
1327 1061 1610 1111 Hieronymum

154 1121 410 1165 Schallerum,
430 1129 620 1171 preeterea
639 1121 692 1158 D.
714 1121 900 1158 Ioannem
923 1121 1270 1172 Magenpuchium,
1291 1122 1452 1159 alterum
1475 1121 1608 1159 AEscu-

151 1183 308 1234 lapium,
326 1191 366 1221 et
387 1184 553 1234 reliquos
574 1184 729 1221 literarii
749 1183 913 1221 sodalitii
929 1196 1125 1234 procereS,
1142 1184 1235 1221 meis
1251 1183 1376 1221 verbis
1395 1182 1609 1220 communi-

149 1253 211 1282 ter
231 1245 366 1282 saluta.
424 1245 484 1282 Tu
505 1258 596 1282 vero
619 1244 851 1295 cumprimis
878 1245 978 1282 bene
1006 1245 1103 1283 vale.
1163 1244 1450 1296 Onoltzbachii‚
1476 1256 1607 1282 mense

151 1306 377 1354 Novembri,
398 1307 510 1345 Anno
536 1320 582 1347 M.
603 1319 644 1346 D.
666 1319 826 1345 xxxnr.

724 1451 930 1489 Clarissimo
955 1450 1043 1487 Viro

298 1536 763 1586 HIERONYMO
804 1534 1462 1594 PAUMGARTNERO‚

353 1637 508 1675 Hieron.
531 1636 574 1673 F.
592 1636 728 1673 consuli
746 1636 1059 1686 Norimbergensi,
1082 1634 1236 1673 Hieron.
1261 1634 1410 1683 lVolfioe

829 1718 862 1744 S·
891 1718 935 1743 D.

205 1793 376 1831 Fonrns
407 1792 530 1830 creari
548 1791 711 1830 fortibus
733 1799 772 1830 et
797 1791 923 1841 bonis,
952 1791 1023 1829 etsi
1052 1804 1130 1829 non
1149 1804 1299 1843 semper
1317 1791 1358 1828 id
1377 1790 1460 1829 fieri
1478 1791 1606 1830 videa-

149 1867 248 1903 mus,
270 1854 435 1892 Horatio
460 1853 610 1892 facilius
639 1854 803 1892 concedi
831 1860 974 1904 potest,
993 1866 1107 1903 quam
1135 1852 1311 1890 humanis
1332 1860 1371 1890 et
1391 1852 1516 1890 doctis
1535 1853 1605 1889 hu-

150 1928 287 1954 manos
307 1923 346 1953 et
366 1916 513 1953 doctos.
588 1915 822 1966 Plerumque
851 1915 968 1961 enim,
990 1921 1152 1964 paterna
1169 1913 1258 1950 freti
1279 1913 1411 1964 gloria,
1433 1912 1606 1951 discendi

148 1977 321 2015 laborem
339 1976 505 2027 fugiunt,
528 1983 567 2014 et
585 1976 713 2014 literas
732 1984 772 2014 et
791 1977 961 2014 literatos
990 1981 1292 2019 contemnentes,
1325 1981 1365 2012 et
1390 1973 1531 2012 fastum
1560 1986 1605 2012 ac

147 2038 436 2089 despicientiam
455 2038 613 2076 aliorum
632 2038 736 2076 laudi
757 2038 828 2076 sibi
849 2038 1006 2075 ducunt.
1054 2038 1099 2074 In
1126 2049 1288 2087 quorum
1306 2042 1466 2087 utroque
1487 2049 1605 2087 quan-

148 2107 283 2150 topere
312 2107 439 2137 errent
464 2106 503 2137 et
531 2106 711 2150 peccent,
738 2098 879 2136 nemini
900 2106 957 2137 est
978 2100 1198 2137 obscurum.
1255 2096 1317 2134 Tu
1336 2109 1442 2142 vero,
1460 2095 1605 2134 Consul

149 2161 402 2206 ornatissime,
424 2161 655 2199 contrariam
669 2161 768 2198 viam
786 2161 993 2210 ingressus,
1022 2160 1072 2197 ad
1097 2165 1268 2210 paternae
1286 2157 1446 2202 virtutis,
1476 2157 1603 2196 erudi-

147 2222 274 2268 tionis,
296 2222 541 2260 humauitatis
561 2222 810 2259 imitationem
841 2221 897 2258 sic
930 2227 968 2258 te
1000 2218 1258 2270 composuisti,
1289 2225 1332 2256 ut
1363 2225 1474 2269 pater
1500 2217 1603 2256 omni

147 2283 265 2321 laude
295 2283 524 2329 cumulatus,
557 2289 595 2320 et
623 2282 758 2319 illustri
793 2282 914 2333 gloria
943 2294 1012 2332 per
1040 2280 1247 2319 ChristIani
1276 2280 1438 2318 nominis
1469 2280 1603 2318 orbem

149 2345 313 2383 celebris
332 2345 371 2381 in
392 2352 430 2382 te
450 2344 634 2382 revixisse
653 2344 839 2381 videatur.
896 2344 1030 2381 Habet
1049 2343 1192 2394 inclyta
1210 2342 1425 2393 respublica
1447 2341 1601 2380 Norim—

146 2405 345 2456 bergensis
365 2406 540 2452 alterum,
556 2419 602 2444 ac
622 2406 747 2456 potius
764 2405 929 2443 eundem
947 2405 1228 2456 Hieronymum
1243 2404 1599 2455 Paumgartnerum,

147 2468 268 2505 virum
284 2467 488 2513 eruditum,
509 2467 629 2505 civem
648 2467 783 2518 patriae
803 2474 1007 2512 amantem,
1025 2474 1240 2505 senatorem
1273 2479 1442 2517 gravem,
1463 2478 1600 2504 consu-

147 2528 223 2566 lem
243 2529 483 2578 prudentem,
505 2536 544 2566 et
563 2528 760 2566 disertum.
818 2529 980 2566 Habent
1013 2528 1184 2566 homines
1212 2527 1317 2566 docti
1347 2534 1386 2565 et
1412 2526 1600 2578 ingeniosi

147 2589 415 2627 adolescentes
453 2597 653 2640 patronum
687 2597 726 2627 et
766 2589 1028 2628 Mecaenatem
1049 2604 1058 2626 :
1099 2595 1380 2639 recognoscunt
1412 2588 1515 2626 cives
1547 2588 1601 2626 tui

147 2664 368 2702 praenomen
388 2658 427 2688 et
446 2664 586 2688 nomen
602 2651 726 2688 idem:
757 2651 917 2689 eandem
939 2658 1094 2688 staturoe
1121 2651 1393 2701 proceritatem
1409 2657 1448 2688 et
1466 2650 1599 2687 formae

149 2712 372 2762 dignitatem
401 2725 487 2750 cum
518 2719 628 2762 grata
658 2712 921 2750 recordatione
949 2712 1068 2762 patris
1093 2711 1316 2749 intuentur:
1345 2711 1465 2761 iisque
1485 2711 1599 2748 rebus

148 2773 380 2811 desiderium
402 2774 500 2811 illius
516 2773 664 2811 leniunt
679 2780 717 2810 et
735 2774 990 2811 consolantur.
1048 2773 1134 2810 Fuit
1153 2780 1191 2810 et
1211 2773 1301 2809 mihi
1321 2773 1461 2810 abhinc
1481 2772 1600 2810 trien-

148 2835 265 2881 nium,
287 2849 371 2874 cum
390 2835 652 2886 Nor-imbcrgae
674 2835 712 2873 in
730 2834 1005 2888 Christophori
1022 2835 1125 2872 Fabii
1156 2835 1237 2872 Iulii
1258 2835 1290 2873 Ι.
1310 2835 1356 2874 C.
1375 2834 1444 2873 viri
1464 2833 1597 2886 optimi
