<?xml version="1.0" encoding="UTF-8"?>
<!DOCTYPE html PUBLIC "-//W3C//DTD XHTML 1.0 Transitional//EN"
    "http://www.w3.org/TR/xhtml1/DTD/xhtml1-transitional.dtd">
<html xmlns="http://www.w3.org/1999/xhtml" xml:lang="en" lang="en">
 <head>
  <title>
</title>
<meta http-equiv="Content-Type" content="text/html;charset=utf-8" />
  <meta name='ocr-system' content='tesseract 3.04.00' />
  <meta name='ocr-capabilities' content='ocr_page ocr_carea ocr_par ocr_line ocrx_word'/>
</head>
<body>
  <div class='ocr_page' id='page_1' title='image "./oratoresatticie05dobs_0385.png"; bbox 0 0 1824 3171; ppageno 0'>
   <div class='ocr_carea' id='block_1_1' title="bbox 457 173 1279 243">
    <p class='ocr_par' dir='ltr' id='par_1_1' title="bbox 457 173 1279 243">
     <span class='ocr_line' id='line_1_1' title="bbox 457 173 1279 243; baseline -0.004 -15"><span class='ocrx_word' id='word_1_1' title='bbox 457 183 1006 228; x_wconf 75' lang='grc' dir='ltr'>ΟΛΎΝΘΙΑΚΟΣ</span> <span class='ocrx_word' id='word_1_2' title='bbox 1066 184 1122 223; x_wconf 85' lang='lat' dir='ltr'><em>A.</em></span> <span class='ocrx_word' id='word_1_3' title='bbox 1176 173 1279 243; x_wconf 88' lang='grc' dir='ltr'>(Γ.)</span> 
     </span>
    </p>
   </div>
   <div class='ocr_carea' id='block_1_2' title="bbox 137 294 863 366">
    <p class='ocr_par' dir='ltr' id='par_1_2' title="bbox 137 294 863 366">
     <span class='ocr_line' id='line_1_2' title="bbox 137 294 863 366; baseline -0.007 -15"><span class='ocrx_word' id='word_1_4' title='bbox 137 298 367 366; x_wconf 61' lang='grc' dir='ltr'><em>χρῆσθαι,</em></span> <span class='ocrx_word' id='word_1_5' title='bbox 395 297 460 349; x_wconf 75' lang='grc' dir='ltr'><em>τοὶ</em></span> <span class='ocrx_word' id='word_1_6' title='bbox 481 295 560 363; x_wconf 75' lang='grc' dir='ltr'><em>μὲν</em></span> <span class='ocrx_word' id='word_1_7' title='bbox 587 294 728 357; x_wconf 74' lang='grc' dir='ltr'><em>εἴκων,</em></span> <span class='ocrx_word' id='word_1_8' title='bbox 755 295 863 357; x_wconf 72' lang='grc' dir='ltr'><em>ἡνίκ’</em></span> 
     </span>
    </p>
   </div>
   <div class='ocr_carea' id='block_1_3' title="bbox 1530 182 1591 227">
    <p class='ocr_par' dir='ltr' id='par_1_3' title="bbox 1530 182 1591 227">
     <span class='ocr_line' id='line_1_3' title="bbox 1530 182 1591 227; baseline -0.016 0"><span class='ocrx_word' id='word_1_9' title='bbox 1530 182 1591 227; x_wconf 83' lang='grc'><em>11</em></span> 
     </span>
    </p>
   </div>
   <div class='ocr_carea' id='block_1_4' title="bbox 884 293 1597 367">
    <p class='ocr_par' dir='ltr' id='par_1_4' title="bbox 884 293 1597 367">
     <span class='ocr_line' id='line_1_4' title="bbox 884 293 1597 367; baseline 0 -20"><span class='ocrx_word' id='word_1_10' title='bbox 884 296 940 347; x_wconf 72' lang='grc' dir='ltr'><em>οἳν</em></span> <span class='ocrx_word' id='word_1_11' title='bbox 968 296 1106 367; x_wconf 66' lang='grc' dir='ltr'><em>τύχῃ,</em></span> <span class='ocrx_word' id='word_1_12' title='bbox 1136 294 1199 347; x_wconf 69' lang='grc' dir='ltr'><strong>τα).</strong></span> <span class='ocrx_word' id='word_1_13' title='bbox 1221 293 1264 346; x_wconf 66' lang='grc' dir='ltr'><em>δ’</em></span> <span class='ocrx_word' id='word_1_14' title='bbox 1290 295 1498 347; x_wconf 45' lang='lat' dir='ltr'><em>daranah</em></span> <span class='ocrx_word' id='word_1_15' title='bbox 1524 330 1597 336; x_wconf 76' lang='lat'><em>—-</em></span> 
     </span>
    </p>
   </div>
   <div class='ocr_carea' id='block_1_5' title="bbox 134 367 1668 833">
    <p class='ocr_par' dir='ltr' id='par_1_5' title="bbox 134 367 1598 596">
     <span class='ocr_line' id='line_1_5' title="bbox 135 367 1598 438; baseline -0.001 -15"><span class='ocrx_word' id='word_1_16' title='bbox 135 371 402 438; x_wconf 70' lang='grc' dir='ltr'>αξιοπιστος</span> <span class='ocrx_word' id='word_1_17' title='bbox 435 369 478 421; x_wconf 66' lang='grc' dir='ltr'><em>ὃ</em></span> <span class='ocrx_word' id='word_1_18' title='bbox 509 370 564 421; x_wconf 77' lang='grc' dir='ltr'><em>ἀν</em></span> <span class='ocrx_word' id='word_1_19' title='bbox 602 368 780 428; x_wconf 77' lang='grc' dir='ltr'><em>εἶκοτως</em></span> <span class='ocrx_word' id='word_1_20' title='bbox 814 371 1016 434; x_wconf 76' lang='grc' dir='ltr'>φαινοιτο</span> <span class='ocrx_word' id='word_1_21' title='bbox 1040 403 1132 433; x_wconf 84' lang='lat'><em>—‚</em></span> <span class='ocrx_word' id='word_1_22' title='bbox 1161 394 1226 421; x_wconf 76' lang='grc' dir='ltr'><em>τα.</em></span> <span class='ocrx_word' id='word_1_23' title='bbox 1266 367 1307 420; x_wconf 61' lang='grc' dir='ltr'><em>δ’</em></span> <span class='ocrx_word' id='word_1_24' title='bbox 1347 370 1466 438; x_wconf 69' lang='grc' dir='ltr'><em>ἦμοῖς</em></span> <span class='ocrx_word' id='word_1_25' title='bbox 1504 369 1598 421; x_wconf 66' lang='grc' dir='ltr'>διοι-</span> 
     </span>
     <span class='ocr_line' id='line_1_6' title="bbox 134 441 1597 519; baseline 0 -23"><span class='ocrx_word' id='word_1_26' title='bbox 134 447 326 507; x_wconf 73' lang='grc' dir='ltr'><em>,ζ-Ξοὶλλων</em></span> <span class='ocrx_word' id='word_1_27' title='bbox 364 469 442 497; x_wconf 76' lang='grc' dir='ltr'><em>και</em></span> <span class='ocrx_word' id='word_1_28' title='bbox 478 469 556 506; x_wconf 77' lang='grc' dir='ltr'><em>την</em></span> <span class='ocrx_word' id='word_1_29' title='bbox 593 442 818 496; x_wconf 75' lang='grc' dir='ltr'>οἷπουσιικν</span> <span class='ocrx_word' id='word_1_30' title='bbox 858 470 936 500; x_wconf 66' lang='grc' dir='ltr'><em>τῆν</em></span> <span class='ocrx_word' id='word_1_31' title='bbox 967 446 1200 516; x_wconf 74' lang='grc' dir='ltr'><em>ἧμετεραν,</em></span> <span class='ocrx_word' id='word_1_32' title='bbox 1241 441 1489 519; x_wconf 65' lang='grc' dir='ltr'><em>1τξεῲητοιι</em></span> <span class='ocrx_word' id='word_1_33' title='bbox 1519 469 1597 496; x_wconf 77' lang='grc' dir='ltr'><em>και</em></span> 
     </span>
     <span class='ocr_line' id='line_1_7' title="bbox 136 517 1162 612; baseline -0.001 -40"><span class='ocrx_word' id='word_1_34' title='bbox 136 517 514 588; x_wconf 66' lang='grc' dir='ltr'><em>παρασπάσηται</em></span> <span class='ocrx_word' id='word_1_35' title='bbox 536 544 580 570; x_wconf 84' lang='grc' dir='ltr'><em>τι</em></span> <span class='ocrx_word' id='word_1_36' title='bbox 608 543 692 571; x_wconf 77' lang='grc' dir='ltr'><em>των</em></span> <span class='ocrx_word' id='word_1_37' title='bbox 719 519 829 571; x_wconf 69' lang='grc' dir='ltr'>ὅλων</span> <span class='ocrx_word' id='word_1_38' title='bbox 823 544 1162 612; x_wconf 62' lang='grc' dir='ltr'><strong>πραγματων.</strong></span> 
     </span>
    </p>

    <p class='ocr_par' dir='ltr' id='par_1_6' title="bbox 136 592 1668 818">
     <span class='ocr_line' id='line_1_8' title="bbox 210 592 1668 669; baseline -0.003 -22"><span class='ocrx_word' id='word_1_39' title='bbox 210 618 272 660; x_wconf 79' lang='lat' dir='ltr'><em>‘y-</em></span> <span class='ocrx_word' id='word_1_40' title='bbox 314 594 385 647; x_wconf 90' lang='grc' dir='ltr'><em>Ου</em></span> <span class='ocrx_word' id='word_1_41' title='bbox 410 619 495 664; x_wconf 77' lang='grc' dir='ltr'><em>μην</em></span> <span class='ocrx_word' id='word_1_42' title='bbox 521 592 633 646; x_wconf 81' lang='grc' dir='ltr'>οἷλλ</span> <span class='ocrx_word' id='word_1_43' title='bbox 661 594 883 657; x_wconf 63' lang='grc' dir='ltr'>ἐπιεικῶς,</span> <span class='ocrx_word' id='word_1_44' title='bbox 911 603 941 647; x_wconf 84' lang='grc' dir='ltr'><em>ὠ</em></span> <span class='ocrx_word' id='word_1_45' title='bbox 970 593 1116 669; x_wconf 60' lang='grc' dir='ltr'><em>ἄνδρες</em></span> <span class='ocrx_word' id='word_1_46' title='bbox 1140 594 1377 656; x_wconf 74' lang='grc' dir='ltr'>Αθηναιοι,</span> <span class='ocrx_word' id='word_1_47' title='bbox 1402 593 1530 645; x_wconf 53' lang='lat' dir='ltr'><em>‘rou-3</em></span> <span class='ocrx_word' id='word_1_48' title='bbox 1535 634 1547 654; x_wconf 92' lang='lat'><strong><em>‚</em></strong></span> <span class='ocrx_word' id='word_1_49' title='bbox 1576 592 1668 644; x_wconf 67' lang='lat'><em>358</em></span> 
     </span>
     <span class='ocr_line' id='line_1_9' title="bbox 138 666 1600 761; baseline -0.001 -41"><span class='ocrx_word' id='word_1_50' title='bbox 138 666 552 739; x_wconf 67' lang='grc' dir='ltr'><em>δυσμαχωτατόν’</em></span> <span class='ocrx_word' id='word_1_51' title='bbox 536 693 634 721; x_wconf 83' lang='grc' dir='ltr'>εστι</span> <span class='ocrx_word' id='word_1_52' title='bbox 663 695 747 722; x_wconf 81' lang='grc' dir='ltr'><em>των</em></span> <span class='ocrx_word' id='word_1_53' title='bbox 774 669 1019 723; x_wconf 64' lang='grc' dir='ltr'>Φιλιππου</span> <span class='ocrx_word' id='word_1_54' title='bbox 1036 668 1353 761; x_wconf 64' lang='grc' dir='ltr'><em>πραγμάτων,</em></span> <span class='ocrx_word' id='word_1_55' title='bbox 1383 668 1462 719; x_wconf 74' lang='grc' dir='ltr'><em>καὶ</em></span> <span class='ocrx_word' id='word_1_56' title='bbox 1494 667 1600 719; x_wconf 66' lang='grc' dir='ltr'>ζελ-</span> 
     </span>
     <span class='ocr_line' id='line_1_10' title="bbox 136 741 1602 833; baseline -0.001 -39"><span class='ocrx_word' id='word_1_57' title='bbox 136 767 289 795; x_wconf 68' lang='lat' dir='ltr'><em>‘rto-7011</em></span> <span class='ocrx_word' id='word_1_58' title='bbox 314 744 429 814; x_wconf 76' lang='grc' dir='ltr'><em>υμῖν·</em></span> <span class='ocrx_word' id='word_1_59' title='bbox 461 769 511 798; x_wconf 85' lang='grc' dir='ltr'><em>το</em></span> <span class='ocrx_word' id='word_1_60' title='bbox 548 743 639 818; x_wconf 59' lang='grc' dir='ltr'><em>’γάρ</em></span> <span class='ocrx_word' id='word_1_61' title='bbox 673 741 778 797; x_wconf 74' lang='grc' dir='ltr'>εἶναι</span> <span class='ocrx_word' id='word_1_62' title='bbox 815 769 996 798; x_wconf 78' lang='grc' dir='ltr'>παντων</span> <span class='ocrx_word' id='word_1_63' title='bbox 1033 754 1184 797; x_wconf 79' lang='grc' dir='ltr'><em>εκεΐνον</em></span> <span class='ocrx_word' id='word_1_64' title='bbox 1217 768 1290 796; x_wconf 77' lang='grc' dir='ltr'><em>ενοι</em></span> <span class='ocrx_word' id='word_1_65' title='bbox 1324 767 1433 795; x_wconf 76' lang='grc' dir='ltr'><em>οντα</em></span> <span class='ocrx_word' id='word_1_66' title='bbox 1469 742 1602 833; x_wconf 63' lang='grc' dir='ltr'>κύριον</span> 
     </span>
    </p>
   </div>
   <div class='ocr_carea' id='block_1_6' title="bbox 135 814 1602 913">
    <p class='ocr_par' dir='ltr' id='par_1_7' title="bbox 135 814 1602 913">
     <span class='ocr_line' id='line_1_11' title="bbox 135 814 1602 913; baseline -0.001 -44"><span class='ocrx_word' id='word_1_67' title='bbox 135 841 215 870; x_wconf 67' lang='grc' dir='ltr'><em>καί</em></span> <span class='ocrx_word' id='word_1_68' title='bbox 241 820 377 912; x_wconf 60' lang='grc' dir='ltr'>ῥητῶν</span> <span class='ocrx_word' id='word_1_69' title='bbox 403 843 480 871; x_wconf 69' lang='lat' dir='ltr'><em>noch</em></span> <span class='ocrx_word' id='word_1_70' title='bbox 506 819 791 913; x_wconf 60' lang='grc' dir='ltr'><em>απθρἑηῖων,</em></span> <span class='ocrx_word' id='word_1_71' title='bbox 813 843 892 871; x_wconf 59' lang='grc' dir='ltr'><em>καί</em></span> <span class='ocrx_word' id='word_1_72' title='bbox 919 818 1025 891; x_wconf 60' lang='grc' dir='ltr'><em>ἅμα</em></span> <span class='ocrx_word' id='word_1_73' title='bbox 1051 843 1308 913; x_wconf 58' lang='grc' dir='ltr'><em>στρατηγὼ]</em></span> <span class='ocrx_word' id='word_1_74' title='bbox 1334 841 1413 869; x_wconf 67' lang='grc' dir='ltr'><em>καί</em></span> <span class='ocrx_word' id='word_1_75' title='bbox 1441 814 1602 870; x_wconf 55' lang='grc' dir='ltr'><em>δεσπο-</em></span> 
     </span>
    </p>
   </div>
   <div class='ocr_carea' id='block_1_7' title="bbox 476 893 489 912">
    <p class='ocr_par' dir='ltr' id='par_1_8' title="bbox 476 893 489 912">
     <span class='ocr_line' id='line_1_12' title="bbox 476 893 489 912; baseline 0 0"><span class='ocrx_word' id='word_1_76' title='bbox 476 893 489 912; x_wconf 88' lang='grc' dir='ltr'><em>Ι</em></span> 
     </span>
    </p>
   </div>
   <div class='ocr_carea' id='block_1_8' title="bbox 137 915 1604 969">
    <p class='ocr_par' dir='ltr' id='par_1_9' title="bbox 137 915 1604 969">
     <span class='ocr_line' id='line_1_13' title="bbox 137 915 1604 969; baseline -0.001 -25"><span class='ocrx_word' id='word_1_77' title='bbox 137 916 214 954; x_wconf 70' lang='lat' dir='ltr'><em>Tnv</em></span> <span class='ocrx_word' id='word_1_78' title='bbox 250 917 328 946; x_wconf 73' lang='lat' dir='ltr'><em>noch</em></span> <span class='ocrx_word' id='word_1_79' title='bbox 365 919 557 966; x_wconf 67' lang='grc' dir='ltr'><em>Ταμόθόν,</em></span> <span class='ocrx_word' id='word_1_80' title='bbox 589 919 667 947; x_wconf 70' lang='lat' dir='ltr'><em>nou</em></span> <span class='ocrx_word' id='word_1_81' title='bbox 697 919 944 961; x_wconf 62' lang='grc' dir='ltr'><em>πανταχοῖ)</em></span> <span class='ocrx_word' id='word_1_82' title='bbox 979 919 1116 947; x_wconf 68' lang='lat' dir='ltr'><em>aurov</em></span> <span class='ocrx_word' id='word_1_83' title='bbox 1142 917 1345 969; x_wconf 58' lang='grc' dir='ltr'><em>’παρεῖναί</em></span> <span class='ocrx_word' id='word_1_84' title='bbox 1373 917 1436 944; x_wconf 81' lang='grc' dir='ltr'><em>Τω</em></span> <span class='ocrx_word' id='word_1_85' title='bbox 1461 915 1604 968; x_wconf 60' lang='grc' dir='ltr'><em>στρα-</em></span> 
     </span>
    </p>
   </div>
   <div class='ocr_carea' id='block_1_9' title="bbox 794 1002 957 1044">
    <p class='ocr_par' dir='ltr' id='par_1_10' title="bbox 794 1002 957 1044">
     <span class='ocr_line' id='line_1_14' title="bbox 794 1002 957 1044; baseline -0.012 -11"><span class='ocrx_word' id='word_1_86' title='bbox 794 1004 802 1023; x_wconf 90' lang='lat'>¹</span> <span class='ocrx_word' id='word_1_87' title='bbox 821 1002 957 1044; x_wconf 70' lang='grc' dir='ltr'><em>δρὲψηται</em></span> 
     </span>
    </p>
   </div>
   <div class='ocr_carea' id='block_1_10' title="bbox 134 1084 855 1546">
    <p class='ocr_par' dir='ltr' id='par_1_11' title="bbox 136 1084 855 1300">
     <span class='ocr_line' id='line_1_15' title="bbox 137 1084 852 1128; baseline 0.003 -14"><span class='ocrx_word' id='word_1_88' title='bbox 137 1084 150 1114; x_wconf 83' lang='grc' dir='ltr'><strong><em>ὃ</em></strong></span> <span class='ocrx_word' id='word_1_89' title='bbox 180 1085 269 1115; x_wconf 76' lang='grc' dir='ltr'>πὲἰσιν</span> <span class='ocrx_word' id='word_1_90' title='bbox 295 1084 380 1126; x_wconf 60' lang='grc' dir='ltr'>ἔργοις</span> <span class='ocrx_word' id='word_1_91' title='bbox 410 1086 585 1119; x_wconf 61' lang='grc' dir='ltr'>ἐπιβάλλων</span> <span class='ocrx_word' id='word_1_92' title='bbox 611 1087 700 1128; x_wconf 87' lang='lat' dir='ltr'><em>(coll.</em></span> <span class='ocrx_word' id='word_1_93' title='bbox 729 1090 852 1127; x_wconf 85' lang='lat' dir='ltr'><em>Fragm.</em></span> 
     </span>
     <span class='ocr_line' id='line_1_16' title="bbox 138 1128 852 1171; baseline 0.003 -14"><span class='ocrx_word' id='word_1_94' title='bbox 138 1128 216 1157; x_wconf 86' lang='lat' dir='ltr'>Lex.</span> <span class='ocrx_word' id='word_1_95' title='bbox 234 1139 278 1168; x_wconf 88' lang='lat' dir='ltr'><em>gr.</em></span> <span class='ocrx_word' id='word_1_96' title='bbox 296 1131 376 1168; x_wconf 86' lang='lat' dir='ltr'><em>apud</em></span> <span class='ocrx_word' id='word_1_97' title='bbox 395 1132 502 1161; x_wconf 85' lang='lat' dir='ltr'><strong>Herm.</strong></span> <span class='ocrx_word' id='word_1_98' title='bbox 519 1132 549 1160; x_wconf 92' lang='lat' dir='ltr'><em>d.</em></span> <span class='ocrx_word' id='word_1_99' title='bbox 572 1141 632 1161; x_wconf 90' lang='lat' dir='ltr'><em>em.</em></span> <span class='ocrx_word' id='word_1_100' title='bbox 653 1137 708 1160; x_wconf 88' lang='lat' dir='ltr'><em>rat.</em></span> <span class='ocrx_word' id='word_1_101' title='bbox 737 1141 783 1171; x_wconf 86' lang='lat' dir='ltr'><em>gr</em></span> <span class='ocrx_word' id='word_1_102' title='bbox 806 1141 852 1169; x_wconf 82' lang='lat' dir='ltr'><em>gr.</em></span> 
     </span>
     <span class='ocr_line' id='line_1_17' title="bbox 136 1173 855 1214; baseline 0.004 -14"><span class='ocrx_word' id='word_1_103' title='bbox 136 1180 168 1208; x_wconf 83' lang='lat' dir='ltr'><em>p.</em></span> <span class='ocrx_word' id='word_1_104' title='bbox 185 1173 288 1207; x_wconf 73' lang='grc'>343),</span> <span class='ocrx_word' id='word_1_105' title='bbox 302 1174 520 1214; x_wconf 64' lang='grc' dir='ltr'><em>κατεχςηταντο</em></span> <span class='ocrx_word' id='word_1_106' title='bbox 541 1173 569 1203; x_wconf 75' lang='grc' dir='ltr'><em>δὲ</em></span> <span class='ocrx_word' id='word_1_107' title='bbox 593 1186 629 1204; x_wconf 75' lang='grc' dir='ltr'><em>τη</em></span> <span class='ocrx_word' id='word_1_108' title='bbox 648 1173 723 1213; x_wconf 74' lang='grc' dir='ltr'>λέξει</span> <span class='ocrx_word' id='word_1_109' title='bbox 750 1175 771 1203; x_wconf 79' lang='grc' dir='ltr'><em>οἱ</em></span> <span class='ocrx_word' id='word_1_110' title='bbox 796 1184 855 1203; x_wconf 68' lang='grc' dir='ltr'><em>πα-</em></span> 
     </span>
     <span class='ocr_line' id='line_1_18' title="bbox 137 1213 855 1257; baseline 0.01 -15"><span class='ocrx_word' id='word_1_111' title='bbox 137 1213 209 1243; x_wconf 75' lang='grc' dir='ltr'>λαιοι</span> <span class='ocrx_word' id='word_1_112' title='bbox 233 1214 290 1244; x_wconf 63' lang='grc' dir='ltr'><em>ἐπὶ</em></span> <span class='ocrx_word' id='word_1_113' title='bbox 315 1218 365 1245; x_wconf 77' lang='grc' dir='ltr'><em>τοῦ</em></span> <span class='ocrx_word' id='word_1_114' title='bbox 391 1217 417 1246; x_wconf 81' lang='grc' dir='ltr'><em>ἐν</em></span> <span class='ocrx_word' id='word_1_115' title='bbox 436 1218 532 1249; x_wconf 78' lang='grc' dir='ltr'><strong>κακοῖς</strong></span> <span class='ocrx_word' id='word_1_116' title='bbox 557 1228 676 1257; x_wconf 76' lang='grc' dir='ltr'>νοημασι</span> <span class='ocrx_word' id='word_1_117' title='bbox 696 1218 745 1246; x_wconf 79' lang='grc' dir='ltr'><em>καὶ</em></span> <span class='ocrx_word' id='word_1_118' title='bbox 770 1216 855 1256; x_wconf 73' lang='grc' dir='ltr'><em>’έςγοις</em></span> 
     </span>
     <span class='ocr_line' id='line_1_19' title="bbox 136 1254 830 1300; baseline 0.009 -16"><span class='ocrx_word' id='word_1_119' title='bbox 136 1254 295 1289; x_wconf 65' lang='grc' dir='ltr'>ἐπιβούλου</span> <span class='ocrx_word' id='word_1_120' title='bbox 309 1259 395 1297; x_wconf 90' lang='lat' dir='ltr'><em>(coll.</em></span> <span class='ocrx_word' id='word_1_121' title='bbox 408 1260 546 1300; x_wconf 83' lang='lat' dir='ltr'><em>Hesych.</em></span> <span class='ocrx_word' id='word_1_122' title='bbox 563 1271 589 1290; x_wconf 93' lang='grc'><em>5.</em></span> <span class='ocrx_word' id='word_1_123' title='bbox 603 1261 631 1290; x_wconf 94' lang='lat' dir='ltr'><em>h.</em></span> <span class='ocrx_word' id='word_1_124' title='bbox 649 1259 706 1297; x_wconf 65' lang='lat' dir='ltr'><em>w).</em></span> <span class='ocrx_word' id='word_1_125' title='bbox 723 1261 830 1290; x_wconf 79' lang='lat' dir='ltr'><strong>IDEM.</strong></span> 
     </span>
    </p>

    <p class='ocr_par' dir='ltr' id='par_1_12' title="bbox 135 1299 854 1417">
     <span class='ocr_line' id='line_1_20' title="bbox 166 1299 854 1352; baseline 0 -20"><span class='ocrx_word' id='word_1_126' title='bbox 166 1299 278 1352; x_wconf 78' lang='grc' dir='ltr'>Τύχῃ]</span> <span class='ocrx_word' id='word_1_127' title='bbox 312 1302 385 1332; x_wconf 88' lang='lat' dir='ltr'><em>Ad</em></span> <span class='ocrx_word' id='word_1_128' title='bbox 377 1315 476 1342; x_wconf 56' lang='lat' dir='ltr'><em>ipsum</em></span> <span class='ocrx_word' id='word_1_129' title='bbox 495 1303 575 1333; x_wconf 84' lang='lat' dir='ltr'><strong>Phil.</strong></span> <span class='ocrx_word' id='word_1_130' title='bbox 591 1305 795 1338; x_wconf 89' lang='lat' dir='ltr'><em>referendum,</em></span> <span class='ocrx_word' id='word_1_131' title='bbox 811 1303 854 1332; x_wconf 85' lang='lat' dir='ltr'><em>ita</em></span> 
     </span>
     <span class='ocr_line' id='line_1_21' title="bbox 137 1342 853 1389; baseline 0.006 -17"><span class='ocrx_word' id='word_1_132' title='bbox 137 1342 250 1383; x_wconf 79' lang='grc' dir='ltr'><strong><em>τύχητε</em></strong></span> <span class='ocrx_word' id='word_1_133' title='bbox 279 1345 361 1376; x_wconf 85' lang='lat' dir='ltr'>Phil.</span> <span class='ocrx_word' id='word_1_134' title='bbox 388 1347 416 1377; x_wconf 94' lang='grc' dir='ltr'><em>Ι.</em></span> <span class='ocrx_word' id='word_1_135' title='bbox 453 1348 478 1389; x_wconf 94' lang='lat' dir='ltr'><em>Q.</em></span> <span class='ocrx_word' id='word_1_136' title='bbox 505 1345 551 1383; x_wconf 78' lang='grc' dir='ltr'><em>ιὲ.,</em></span> <span class='ocrx_word' id='word_1_137' title='bbox 580 1348 632 1377; x_wconf 86' lang='lat' dir='ltr'><em>ubi</em></span> <span class='ocrx_word' id='word_1_138' title='bbox 661 1348 727 1378; x_wconf 86' lang='lat' dir='ltr'><em>vid.</em></span> <span class='ocrx_word' id='word_1_139' title='bbox 759 1347 853 1376; x_wconf 87' lang='lat' dir='ltr'><em>dicta.</em></span> 
     </span>
     <span class='ocr_line' id='line_1_22' title="bbox 135 1386 241 1417; baseline 0.021 -2"><span class='ocrx_word' id='word_1_140' title='bbox 135 1386 241 1417; x_wconf 76' lang='grc' dir='ltr'><strong>ΙυΕΜ.</strong></span> 
     </span>
    </p>

    <p class='ocr_par' dir='ltr' id='par_1_13' title="bbox 134 1428 855 1546">
     <span class='ocr_line' id='line_1_23' title="bbox 178 1428 854 1472; baseline 0.004 -13.04"><span class='ocrx_word' id='word_1_141' title='bbox 178 1428 374 1472; x_wconf 55' lang='lat' dir='ltr'><em>&#39;Agame-rog]</em></span> <span class='ocrx_word' id='word_1_142' title='bbox 408 1434 456 1463; x_wconf 88' lang='lat' dir='ltr'><em>De</em></span> <span class='ocrx_word' id='word_1_143' title='bbox 482 1433 537 1463; x_wconf 77' lang='lat' dir='ltr'><em>hac</em></span> <span class='ocrx_word' id='word_1_144' title='bbox 561 1433 731 1464; x_wconf 85' lang='lat' dir='ltr'><em>calliditate</em></span> <span class='ocrx_word' id='word_1_145' title='bbox 754 1433 854 1472; x_wconf 86' lang='lat' dir='ltr'><em>Regis</em></span> 
     </span>
     <span class='ocr_line' id='line_1_24' title="bbox 134 1471 855 1543; baseline 0.01 -43"><span class='ocrx_word' id='word_1_146' title='bbox 134 1471 199 1543; x_wconf 62' lang='grc' dir='ltr'><em>ἷίίὶ.</em></span> <span class='ocrx_word' id='word_1_147' title='bbox 225 1474 493 1518; x_wconf 83' lang='lat' dir='ltr'><em>Olynth.11.(1.)</em></span> <span class='ocrx_word' id='word_1_148' title='bbox 516 1477 541 1516; x_wconf 76' lang='lat'><em>§-</em></span> <span class='ocrx_word' id='word_1_149' title='bbox 559 1477 597 1515; x_wconf 79' lang='grc' dir='ltr'><em>γ’.</em></span> <span class='ocrx_word' id='word_1_150' title='bbox 619 1478 731 1509; x_wconf 67' lang='grc' dir='ltr'><em>ι11151111.</em></span> <span class='ocrx_word' id='word_1_151' title='bbox 747 1477 810 1507; x_wconf 82' lang='lat' dir='ltr'><em>IX.</em></span> <span class='ocrx_word' id='word_1_152' title='bbox 824 1479 855 1507; x_wconf 83' lang='lat'><em>8.</em></span> 
     </span>
     <span class='ocr_line' id='line_1_25' title="bbox 155 1525 240 1546; baseline 0.027 -2"><span class='ocrx_word' id='word_1_153' title='bbox 155 1525 240 1546; x_wconf 78' lang='lat' dir='ltr'><strong>DEM.</strong></span> 
     </span>
    </p>
   </div>
   <div class='ocr_carea' id='block_1_11' title="bbox 138 1559 854 1632">
    <p class='ocr_par' dir='ltr' id='par_1_14' title="bbox 138 1559 854 1632">
     <span class='ocr_line' id='line_1_26' title="bbox 180 1559 854 1603; baseline 0.01 -16"><span class='ocrx_word' id='word_1_154' title='bbox 180 1559 316 1602; x_wconf 81' lang='grc' dir='ltr'>Εἰκότως]</span> <span class='ocrx_word' id='word_1_155' title='bbox 347 1561 477 1597; x_wconf 82' lang='grc' dir='ltr'><strong>Ἐκείνως.</strong></span> <span class='ocrx_word' id='word_1_156' title='bbox 496 1575 525 1594; x_wconf 90' lang='lat' dir='ltr'><em>v.</em></span> <span class='ocrx_word' id='word_1_157' title='bbox 541 1567 572 1596; x_wconf 88' lang='lat'><em>5.</em></span> <span class='ocrx_word' id='word_1_158' title='bbox 587 1575 615 1603; x_wconf 90' lang='lat' dir='ltr'><em>q.</em></span> <span class='ocrx_word' id='word_1_159' title='bbox 632 1564 745 1603; x_wconf 85' lang='lat' dir='ltr'><strong>glossa.</strong></span> <span class='ocrx_word' id='word_1_160' title='bbox 761 1564 854 1594; x_wconf 77' lang='grc' dir='ltr'><strong>ΤΑΥ-</strong></span> 
     </span>
     <span class='ocr_line' id='line_1_27' title="bbox 138 1612 219 1632; baseline 0.015 -1"><span class='ocrx_word' id='word_1_161' title='bbox 138 1612 219 1632; x_wconf 75' lang='lat' dir='ltr'><em>Lon.</em></span> 
     </span>
    </p>
   </div>
   <div class='ocr_carea' id='block_1_12' title="bbox 135 1647 853 1733">
    <p class='ocr_par' dir='ltr' id='par_1_15' title="bbox 135 1647 852 1733">
     <span class='ocr_line' id='line_1_28' title="bbox 177 1647 852 1690; baseline 0.009 -16"><span class='ocrx_word' id='word_1_162' title='bbox 177 1647 232 1676; x_wconf 84' lang='grc' dir='ltr'><em>Την</em></span> <span class='ocrx_word' id='word_1_163' title='bbox 261 1647 398 1678; x_wconf 74' lang='grc' dir='ltr'><em>ἀπουσίαν</em></span> <span class='ocrx_word' id='word_1_164' title='bbox 427 1651 476 1680; x_wconf 72' lang='grc' dir='ltr'><em>τὴν</em></span> <span class='ocrx_word' id='word_1_165' title='bbox 506 1648 661 1690; x_wconf 70' lang='grc' dir='ltr'><em>ἧμετὲξαν]</em></span> <span class='ocrx_word' id='word_1_166' title='bbox 696 1650 781 1679; x_wconf 88' lang='lat' dir='ltr'><em>Hinc</em></span> <span class='ocrx_word' id='word_1_167' title='bbox 811 1650 852 1680; x_wconf 85' lang='lat' dir='ltr'><em>ait</em></span> 
     </span>
     <span class='ocr_line' id='line_1_29' title="bbox 135 1687 853 1733; baseline 0.01 -17"><span class='ocrx_word' id='word_1_168' title='bbox 135 1687 335 1720; x_wconf 79' lang='lat' dir='ltr'><em>Mountneius</em></span> <span class='ocrx_word' id='word_1_169' title='bbox 356 1692 454 1730; x_wconf 87' lang='lat' dir='ltr'><em>palam</em></span> <span class='ocrx_word' id='word_1_170' title='bbox 479 1704 559 1729; x_wconf 90' lang='lat' dir='ltr'><em>esse,</em></span> <span class='ocrx_word' id='word_1_171' title='bbox 583 1693 731 1723; x_wconf 79' lang='lat' dir='ltr'><em>anxilium</em></span> <span class='ocrx_word' id='word_1_172' title='bbox 757 1694 853 1733; x_wconf 82' lang='lat' dir='ltr'><em>Olyn-</em></span> 
     </span>
    </p>
   </div>
   <div class='ocr_carea' id='block_1_13' title="bbox 77 1730 852 1775">
    <p class='ocr_par' dir='ltr' id='par_1_16' title="bbox 77 1730 852 1775">
     <span class='ocr_line' id='line_1_30' title="bbox 77 1730 852 1775; baseline 0.01 -17"><span class='ocrx_word' id='word_1_173' title='bbox 77 1762 82 1768; x_wconf 47' lang='grc'><em>,</em></span> <span class='ocrx_word' id='word_1_174' title='bbox 135 1730 231 1760; x_wconf 83' lang='lat' dir='ltr'><em>thiis</em></span> <span class='ocrx_word' id='word_1_175' title='bbox 220 1743 280 1770; x_wconf 76' lang='lat' dir='ltr'><em>jam</em></span> <span class='ocrx_word' id='word_1_176' title='bbox 299 1739 368 1764; x_wconf 85' lang='lat' dir='ltr'><em>ante</em></span> <span class='ocrx_word' id='word_1_177' title='bbox 384 1735 481 1765; x_wconf 85' lang='lat' dir='ltr'><em>fuisse</em></span> <span class='ocrx_word' id='word_1_178' title='bbox 497 1737 665 1771; x_wconf 81' lang='lat' dir='ltr'><em>decretum,</em></span> <span class='ocrx_word' id='word_1_179' title='bbox 682 1747 770 1775; x_wconf 82' lang='lat' dir='ltr'><em>quam</em></span> <span class='ocrx_word' id='word_1_180' title='bbox 788 1738 852 1767; x_wconf 84' lang='lat' dir='ltr'><em>haec</em></span> 
     </span>
    </p>
   </div>
   <div class='ocr_carea' id='block_1_14' title="bbox 123 1774 853 2940">
    <p class='ocr_par' dir='ltr' id='par_1_17' title="bbox 132 1774 851 2280">
     <span class='ocr_line' id='line_1_31' title="bbox 135 1774 851 1819; baseline 0.009 -16"><span class='ocrx_word' id='word_1_181' title='bbox 135 1774 233 1805; x_wconf 89' lang='lat' dir='ltr'><em>oratio</em></span> <span class='ocrx_word' id='word_1_182' title='bbox 249 1776 353 1807; x_wconf 90' lang='lat' dir='ltr'><em>habita</em></span> <span class='ocrx_word' id='word_1_183' title='bbox 368 1778 439 1808; x_wconf 79' lang='lat' dir='ltr'><em>fuit.</em></span> <span class='ocrx_word' id='word_1_184' title='bbox 463 1780 513 1818; x_wconf 85' lang='lat' dir='ltr'><em>qui</em></span> <span class='ocrx_word' id='word_1_185' title='bbox 532 1780 609 1809; x_wconf 84' lang='lat' dir='ltr'><em>enim</em></span> <span class='ocrx_word' id='word_1_186' title='bbox 625 1780 714 1809; x_wconf 86' lang='lat' dir='ltr'><em>aliter</em></span> <span class='ocrx_word' id='word_1_187' title='bbox 731 1780 851 1819; x_wconf 89' lang='lat' dir='ltr'><em>Philip-</em></span> 
     </span>
     <span class='ocr_line' id='line_1_32' title="bbox 134 1819 852 1862; baseline 0.007 -15"><span class='ocrx_word' id='word_1_188' title='bbox 134 1827 191 1856; x_wconf 85' lang='lat' dir='ltr'><em>pus</em></span> <span class='ocrx_word' id='word_1_189' title='bbox 204 1819 437 1851; x_wconf 85' lang='lat' dir='ltr'>Atheniensium</span> <span class='ocrx_word' id='word_1_190' title='bbox 450 1824 609 1853; x_wconf 80' lang='lat' dir='ltr'><em>absentiam</em></span> <span class='ocrx_word' id='word_1_191' title='bbox 626 1822 779 1852; x_wconf 87' lang='lat' dir='ltr'><em>criminari</em></span> <span class='ocrx_word' id='word_1_192' title='bbox 794 1834 852 1862; x_wconf 91' lang='lat' dir='ltr'><em>po-</em></span> 
     </span>
     <span class='ocr_line' id='line_1_33' title="bbox 133 1859 851 1902; baseline 0.01 -14"><span class='ocrx_word' id='word_1_193' title='bbox 133 1859 216 1890; x_wconf 83' lang='lat' dir='ltr'><em>tuit?</em></span> <span class='ocrx_word' id='word_1_194' title='bbox 258 1863 455 1902; x_wconf 84' lang='lat' dir='ltr'><em>Respondeo,</em></span> <span class='ocrx_word' id='word_1_195' title='bbox 469 1866 649 1894; x_wconf 80' lang='lat' dir='ltr'><em>sententiam</em></span> <span class='ocrx_word' id='word_1_196' title='bbox 668 1865 755 1895; x_wconf 82' lang='lat' dir='ltr'><em>istam</em></span> <span class='ocrx_word' id='word_1_197' title='bbox 782 1876 851 1895; x_wconf 88' lang='lat' dir='ltr'><em>esse</em></span> 
     </span>
     <span class='ocr_line' id='line_1_34' title="bbox 132 1906 851 1943; baseline 0.006 -12"><span class='ocrx_word' id='word_1_198' title='bbox 132 1906 246 1934; x_wconf 81' lang='lat' dir='ltr'><em>tantum</em></span> <span class='ocrx_word' id='word_1_199' title='bbox 263 1906 509 1943; x_wconf 83' lang='lat' dir='ltr'><em>hypotheticam:</em></span> <span class='ocrx_word' id='word_1_200' title='bbox 534 1916 631 1935; x_wconf 75' lang='lat' dir='ltr'><em>vereor</em></span> <span class='ocrx_word' id='word_1_201' title='bbox 646 1915 693 1940; x_wconf 77' lang='lat' dir='ltr'><em>ne,</em></span> <span class='ocrx_word' id='word_1_202' title='bbox 706 1908 731 1934; x_wconf 86' lang='lat' dir='ltr'><em>si</em></span> <span class='ocrx_word' id='word_1_203' title='bbox 747 1909 784 1933; x_wconf 77' lang='lat' dir='ltr'><em>ab</em></span> <span class='ocrx_word' id='word_1_204' title='bbox 787 1909 851 1935; x_wconf 88' lang='lat' dir='ltr'><em>fue—</em></span> 
     </span>
     <span class='ocr_line' id='line_1_35' title="bbox 133 1944 850 1988; baseline 0.006 -14"><span class='ocrx_word' id='word_1_205' title='bbox 133 1944 240 1983; x_wconf 86' lang='lat' dir='ltr'><em>rimus,</em></span> <span class='ocrx_word' id='word_1_206' title='bbox 258 1948 415 1986; x_wconf 74' lang='lat' dir='ltr'><em>Philippus</em></span> <span class='ocrx_word' id='word_1_207' title='bbox 435 1948 511 1978; x_wconf 81' lang='lat' dir='ltr'><em>hanc</em></span> <span class='ocrx_word' id='word_1_208' title='bbox 531 1949 691 1978; x_wconf 76' lang='lat' dir='ltr'><em>absentiam</em></span> <span class='ocrx_word' id='word_1_209' title='bbox 708 1953 850 1988; x_wconf 78' lang='lat' dir='ltr'><em>tanquam</em></span> 
     </span>
     <span class='ocr_line' id='line_1_36' title="bbox 134 1990 850 2029; baseline 0.003 -11"><span class='ocrx_word' id='word_1_210' title='bbox 134 1999 237 2019; x_wconf 84' lang='lat' dir='ltr'><em>ansam</em></span> <span class='ocrx_word' id='word_1_211' title='bbox 263 1990 487 2028; x_wconf 82' lang='lat' dir='ltr'><em>reprehensionis</em></span> <span class='ocrx_word' id='word_1_212' title='bbox 510 1992 648 2029; x_wconf 79' lang='lat' dir='ltr'><em>arripiat.</em></span> <span class='ocrx_word' id='word_1_213' title='bbox 698 1991 850 2020; x_wconf 66' lang='lat' dir='ltr'><em>Caeterum</em></span> 
     </span>
     <span class='ocr_line' id='line_1_37' title="bbox 133 2031 850 2072; baseline 0.006 -13"><span class='ocrx_word' id='word_1_214' title='bbox 133 2031 224 2061; x_wconf 78' lang='lat' dir='ltr'><em>facile</em></span> <span class='ocrx_word' id='word_1_215' title='bbox 247 2033 377 2062; x_wconf 86' lang='lat' dir='ltr'><em>inducor</em></span> <span class='ocrx_word' id='word_1_216' title='bbox 402 2038 434 2063; x_wconf 84' lang='lat' dir='ltr'><em>ut</em></span> <span class='ocrx_word' id='word_1_217' title='bbox 456 2035 592 2069; x_wconf 87' lang='lat' dir='ltr'><em>credam,</em></span> <span class='ocrx_word' id='word_1_218' title='bbox 610 2033 786 2072; x_wconf 84' lang='lat' dir='ltr'>priusquam</span> <span class='ocrx_word' id='word_1_219' title='bbox 803 2035 850 2063; x_wconf 93' lang='lat' dir='ltr'><em>ul-</em></span> 
     </span>
     <span class='ocr_line' id='line_1_38' title="bbox 134 2073 848 2117; baseline 0.007 -15"><span class='ocrx_word' id='word_1_220' title='bbox 134 2073 194 2104; x_wconf 83' lang='lat' dir='ltr'><em>lam</em></span> <span class='ocrx_word' id='word_1_221' title='bbox 221 2075 381 2106; x_wconf 85' lang='lat' dir='ltr'>habuisset</span> <span class='ocrx_word' id='word_1_222' title='bbox 412 2077 450 2106; x_wconf 87' lang='lat' dir='ltr'><em>de</em></span> <span class='ocrx_word' id='word_1_223' title='bbox 481 2077 641 2117; x_wconf 86' lang='lat' dir='ltr'><em>Olynthiis</em></span> <span class='ocrx_word' id='word_1_224' title='bbox 672 2077 848 2107; x_wconf 82' lang='lat' dir='ltr'><em>concionem</em></span> 
     </span>
     <span class='ocr_line' id='line_1_39' title="bbox 135 2118 849 2154; baseline 0.004 -8"><span class='ocrx_word' id='word_1_225' title='bbox 135 2118 372 2154; x_wconf 81' lang='lat' dir='ltr'><em>Demosthenes,</em></span> <span class='ocrx_word' id='word_1_226' title='bbox 383 2123 414 2148; x_wconf 85' lang='lat' dir='ltr'><em>et</em></span> <span class='ocrx_word' id='word_1_227' title='bbox 429 2120 532 2149; x_wconf 89' lang='lat' dir='ltr'><em>initam</em></span> <span class='ocrx_word' id='word_1_228' title='bbox 546 2120 642 2149; x_wconf 78' lang='lat' dir='ltr'><em>fuisse</em></span> <span class='ocrx_word' id='word_1_229' title='bbox 655 2130 723 2149; x_wconf 93' lang='lat' dir='ltr'><em>cum</em></span> <span class='ocrx_word' id='word_1_230' title='bbox 739 2120 784 2149; x_wconf 81' lang='lat' dir='ltr'><em>eis</em></span> <span class='ocrx_word' id='word_1_231' title='bbox 800 2131 849 2149; x_wconf 91' lang='lat' dir='ltr'><em>so-</em></span> 
     </span>
     <span class='ocr_line' id='line_1_40' title="bbox 134 2160 851 2198; baseline 0.004 -9"><span class='ocrx_word' id='word_1_232' title='bbox 134 2160 289 2198; x_wconf 86' lang='lat' dir='ltr'><em>cietatem,</em></span> <span class='ocrx_word' id='word_1_233' title='bbox 312 2167 342 2192; x_wconf 79' lang='lat' dir='ltr'><em>et</em></span> <span class='ocrx_word' id='word_1_234' title='bbox 368 2163 484 2192; x_wconf 80' lang='lat' dir='ltr'><em>auxilia</em></span> <span class='ocrx_word' id='word_1_235' title='bbox 509 2163 601 2192; x_wconf 89' lang='lat' dir='ltr'><em>etiam</em></span> <span class='ocrx_word' id='word_1_236' title='bbox 627 2163 772 2192; x_wconf 83' lang='lat' dir='ltr'><em>decreta:</em></span> <span class='ocrx_word' id='word_1_237' title='bbox 794 2164 851 2193; x_wconf 90' lang='lat' dir='ltr'><em>sed</em></span> 
     </span>
     <span class='ocr_line' id='line_1_41' title="bbox 134 2205 848 2245; baseline 0.006 -13"><span class='ocrx_word' id='word_1_238' title='bbox 134 2205 250 2234; x_wconf 84' lang='lat' dir='ltr'><em>auxilia</em></span> <span class='ocrx_word' id='word_1_239' title='bbox 266 2216 306 2235; x_wconf 88' lang='lat' dir='ltr'><em>ex</em></span> <span class='ocrx_word' id='word_1_240' title='bbox 323 2206 520 2236; x_wconf 82' lang='lat' dir='ltr'><em>conductitiis</em></span> <span class='ocrx_word' id='word_1_241' title='bbox 536 2206 648 2245; x_wconf 87' lang='lat' dir='ltr'><em>copiis,</em></span> <span class='ocrx_word' id='word_1_242' title='bbox 668 2216 725 2235; x_wconf 92' lang='lat' dir='ltr'><em>non</em></span> <span class='ocrx_word' id='word_1_243' title='bbox 741 2216 781 2235; x_wconf 84' lang='lat' dir='ltr'><em>ex</em></span> <span class='ocrx_word' id='word_1_244' title='bbox 804 2207 848 2236; x_wconf 88' lang='lat' dir='ltr'><em>ci-</em></span> 
     </span>
     <span class='ocr_line' id='line_1_42' title="bbox 135 2248 790 2280; baseline 0.003 -3"><span class='ocrx_word' id='word_1_245' title='bbox 135 2248 226 2278; x_wconf 85' lang='lat' dir='ltr'><em>vibus</em></span> <span class='ocrx_word' id='word_1_246' title='bbox 239 2249 482 2279; x_wconf 84' lang='lat' dir='ltr'><em>Atheniensibus</em></span> <span class='ocrx_word' id='word_1_247' title='bbox 498 2250 639 2280; x_wconf 83' lang='lat' dir='ltr'><em>conflata.</em></span> <span class='ocrx_word' id='word_1_248' title='bbox 669 2251 790 2280; x_wconf 71' lang='lat' dir='ltr'><em>Srocx.</em></span> 
     </span>
    </p>

    <p class='ocr_par' dir='ltr' id='par_1_18' title="bbox 123 2289 852 2678">
     <span class='ocr_line' id='line_1_43' title="bbox 175 2289 849 2333; baseline 0.003 -12"><span class='ocrx_word' id='word_1_249' title='bbox 175 2289 324 2331; x_wconf 66' lang='grc' dir='ltr'>Τςέψηται</span> <span class='ocrx_word' id='word_1_250' title='bbox 343 2292 392 2322; x_wconf 78' lang='grc' dir='ltr'><em>καὶ</em></span> <span class='ocrx_word' id='word_1_251' title='bbox 407 2293 609 2333; x_wconf 50' lang='lat' dir='ltr'><em>›mapsam-aia]</em></span> <span class='ocrx_word' id='word_1_252' title='bbox 635 2292 784 2322; x_wconf 84' lang='lat' dir='ltr'><em>Reiskius</em></span> <span class='ocrx_word' id='word_1_253' title='bbox 808 2303 849 2323; x_wconf 82' lang='lat' dir='ltr'><em>ex</em></span> 
     </span>
     <span class='ocr_line' id='line_1_44' title="bbox 133 2336 849 2376; baseline 0.003 -12"><span class='ocrx_word' id='word_1_254' title='bbox 133 2336 310 2374; x_wconf 87' lang='lat' dir='ltr'><em>conjectura</em></span> <span class='ocrx_word' id='word_1_255' title='bbox 325 2336 412 2365; x_wconf 83' lang='lat' dir='ltr'>dedit</span> <span class='ocrx_word' id='word_1_256' title='bbox 427 2336 576 2376; x_wconf 70' lang='grc' dir='ltr'>δςέψηται,</span> <span class='ocrx_word' id='word_1_257' title='bbox 600 2337 644 2366; x_wconf 86' lang='lat' dir='ltr'><em>ita</em></span> <span class='ocrx_word' id='word_1_258' title='bbox 666 2340 701 2366; x_wconf 85' lang='lat' dir='ltr'><em>ut</em></span> <span class='ocrx_word' id='word_1_259' title='bbox 722 2337 780 2366; x_wconf 83' lang='lat' dir='ltr'><em>hoo</em></span> <span class='ocrx_word' id='word_1_260' title='bbox 800 2347 849 2366; x_wconf 92' lang='lat' dir='ltr'><em>re·</em></span> 
     </span>
     <span class='ocr_line' id='line_1_45' title="bbox 132 2378 848 2419; baseline 0.003 -12"><span class='ocrx_word' id='word_1_261' title='bbox 132 2378 228 2408; x_wconf 84' lang='lat' dir='ltr'><em>ferret</em></span> <span class='ocrx_word' id='word_1_262' title='bbox 250 2379 290 2409; x_wconf 86' lang='lat' dir='ltr'><em>ad</em></span> <span class='ocrx_word' id='word_1_263' title='bbox 316 2378 468 2416; x_wconf 77' lang='grc' dir='ltr'>ἀπουσίαν,</span> <span class='ocrx_word' id='word_1_264' title='bbox 487 2383 636 2419; x_wconf 88' lang='lat' dir='ltr'><em>sequutus</em></span> <span class='ocrx_word' id='word_1_265' title='bbox 657 2383 705 2409; x_wconf 85' lang='lat' dir='ltr'><em>est</em></span> <span class='ocrx_word' id='word_1_266' title='bbox 723 2379 848 2410; x_wconf 87' lang='lat' dir='ltr'><em>Jacobs.</em></span> 
     </span>
     <span class='ocr_line' id='line_1_46' title="bbox 132 2421 850 2462; baseline 0.004 -12"><span class='ocrx_word' id='word_1_267' title='bbox 132 2421 196 2451; x_wconf 85' lang='lat' dir='ltr'><em>Sed</em></span> <span class='ocrx_word' id='word_1_268' title='bbox 224 2421 278 2451; x_wconf 88' lang='lat' dir='ltr'><em>illa</em></span> <span class='ocrx_word' id='word_1_269' title='bbox 303 2423 483 2461; x_wconf 86' lang='lat' dir='ltr'><em>metaphora</em></span> <span class='ocrx_word' id='word_1_270' title='bbox 510 2423 651 2461; x_wconf 73' lang='lat' dir='ltr'><em>carpendi</em></span> <span class='ocrx_word' id='word_1_271' title='bbox 681 2424 850 2462; x_wconf 77' lang='lat' dir='ltr'><em>scriptores</em></span> 
     </span>
     <span class='ocr_line' id='line_1_47' title="bbox 132 2463 848 2506; baseline 0.003 -12"><span class='ocrx_word' id='word_1_272' title='bbox 132 2463 277 2504; x_wconf 83' lang='lat' dir='ltr'><em>prosaici,</em></span> <span class='ocrx_word' id='word_1_273' title='bbox 291 2466 394 2505; x_wconf 89' lang='lat' dir='ltr'><em>quoad</em></span> <span class='ocrx_word' id='word_1_274' title='bbox 408 2465 485 2502; x_wconf 84' lang='lat' dir='ltr'><em>scio,</em></span> <span class='ocrx_word' id='word_1_275' title='bbox 501 2476 559 2496; x_wconf 91' lang='lat' dir='ltr'><em>non</em></span> <span class='ocrx_word' id='word_1_276' title='bbox 575 2470 718 2504; x_wconf 77' lang='lat' dir='ltr'><em>utuntu13</em></span> <span class='ocrx_word' id='word_1_277' title='bbox 740 2467 848 2506; x_wconf 85' lang='lat' dir='ltr'><em>vulga-</em></span> 
     </span>
     <span class='ocr_line' id='line_1_48' title="bbox 133 2508 850 2548; baseline 0.003 -10"><span class='ocrx_word' id='word_1_278' title='bbox 133 2513 177 2544; x_wconf 89' lang='lat' dir='ltr'><em>ta,</em></span> <span class='ocrx_word' id='word_1_279' title='bbox 193 2518 261 2548; x_wconf 88' lang='lat' dir='ltr'><em>quae</em></span> <span class='ocrx_word' id='word_1_280' title='bbox 277 2519 295 2539; x_wconf 88' lang='lat' dir='ltr'><em>a</em></span> <span class='ocrx_word' id='word_1_281' title='bbox 312 2508 416 2539; x_wconf 86' lang='lat' dir='ltr'><em>Schol.</em></span> <span class='ocrx_word' id='word_1_282' title='bbox 432 2509 621 2548; x_wconf 87' lang='lat' dir='ltr'><em>agnoscitur,</em></span> <span class='ocrx_word' id='word_1_283' title='bbox 644 2510 722 2539; x_wconf 88' lang='lat' dir='ltr'><em>bene</em></span> <span class='ocrx_word' id='word_1_284' title='bbox 745 2510 850 2546; x_wconf 85' lang='lat' dir='ltr'><em>babet,</em></span> 
     </span>
     <span class='ocr_line' id='line_1_49' title="bbox 123 2551 852 2594; baseline 0.003 -13"><span class='ocrx_word' id='word_1_285' title='bbox 123 2561 204 2591; x_wconf 46' lang='lat' dir='ltr'><em>¹narn</em></span> <span class='ocrx_word' id='word_1_286' title='bbox 230 2555 278 2582; x_wconf 85' lang='lat' dir='ltr'><em>est</em></span> <span class='ocrx_word' id='word_1_287' title='bbox 306 2552 356 2582; x_wconf 85' lang='lat' dir='ltr'><em>hio</em></span> <span class='ocrx_word' id='word_1_288' title='bbox 376 2556 485 2593; x_wconf 83' lang='lat' dir='ltr'><em>tropus</em></span> <span class='ocrx_word' id='word_1_289' title='bbox 508 2551 617 2594; x_wconf 68' lang='grc' dir='ltr'><strong>(τρέω.</strong></span> <span class='ocrx_word' id='word_1_290' title='bbox 641 2563 671 2582; x_wconf 80' lang='grc' dir='ltr'><strong>κ.</strong></span> <span class='ocrx_word' id='word_1_291' title='bbox 696 2552 852 2593; x_wconf 59' lang='grc' dir='ltr'><strong>παραυ-π.)</strong></span> 
     </span>
     <span class='ocr_line' id='line_1_50' title="bbox 134 2595 850 2636; baseline 0.003 -12"><span class='ocrx_word' id='word_1_292' title='bbox 134 2595 294 2625; x_wconf 88' lang='lat' dir='ltr'><em>desumtus</em></span> <span class='ocrx_word' id='word_1_293' title='bbox 310 2596 348 2625; x_wconf 89' lang='lat' dir='ltr'><em>ab</em></span> <span class='ocrx_word' id='word_1_294' title='bbox 363 2595 414 2632; x_wconf 81' lang='lat' dir='ltr'><em>iis,</em></span> <span class='ocrx_word' id='word_1_295' title='bbox 427 2595 480 2636; x_wconf 93' lang='lat' dir='ltr'><em>qui</em></span> <span class='ocrx_word' id='word_1_296' title='bbox 494 2606 590 2636; x_wconf 89' lang='lat' dir='ltr'><em>quum</em></span> <span class='ocrx_word' id='word_1_297' title='bbox 606 2596 643 2625; x_wconf 89' lang='lat' dir='ltr'><em>ad</em></span> <span class='ocrx_word' id='word_1_298' title='bbox 659 2606 726 2626; x_wconf 80' lang='lat' dir='ltr'><em>aras</em></span> <span class='ocrx_word' id='word_1_299' title='bbox 743 2597 850 2627; x_wconf 82' lang='lat' dir='ltr'><em>confu-</em></span> 
     </span>
     <span class='ocr_line' id='line_1_51' title="bbox 136 2637 716 2678; baseline 0.002 -10"><span class='ocrx_word' id='word_1_300' title='bbox 136 2637 229 2678; x_wconf 86' lang='lat' dir='ltr'><em>giant,</em></span> <span class='ocrx_word' id='word_1_301' title='bbox 244 2637 317 2668; x_wconf 87' lang='lat' dir='ltr'><em>inde</em></span> <span class='ocrx_word' id='word_1_302' title='bbox 333 2640 560 2670; x_wconf 77' lang='lat' dir='ltr'><em>abstrahuntur.</em></span> <span class='ocrx_word' id='word_1_303' title='bbox 584 2638 716 2669; x_wconf 69' lang='lat' dir='ltr'><em>Riimo.</em></span> 
     </span>
    </p>

    <p class='ocr_par' dir='ltr' id='par_1_19' title="bbox 135 2680 850 2800">
     <span class='ocr_line' id='line_1_52' title="bbox 177 2680 848 2724; baseline 0.003 -14"><span class='ocrx_word' id='word_1_304' title='bbox 177 2683 238 2711; x_wconf 78' lang='grc' dir='ltr'><em>Τῶν</em></span> <span class='ocrx_word' id='word_1_305' title='bbox 251 2680 322 2711; x_wconf 76' lang='grc' dir='ltr'>δ’λων</span> <span class='ocrx_word' id='word_1_306' title='bbox 336 2683 544 2724; x_wconf 61' lang='grc' dir='ltr'><strong><em>πραγμάτων]</em></strong></span> <span class='ocrx_word' id='word_1_307' title='bbox 566 2681 587 2712; x_wconf 89' lang='lat' dir='ltr'><em>i.</em></span> <span class='ocrx_word' id='word_1_308' title='bbox 603 2693 632 2722; x_wconf 87' lang='lat' dir='ltr'><em>q.</em></span> <span class='ocrx_word' id='word_1_309' title='bbox 656 2682 723 2713; x_wconf 91' lang='lat' dir='ltr'><em>Cic.</em></span> <span class='ocrx_word' id='word_1_310' title='bbox 741 2682 771 2712; x_wconf 86' lang='lat' dir='ltr'><em>d.</em></span> <span class='ocrx_word' id='word_1_311' title='bbox 793 2683 848 2715; x_wconf 91' lang='lat' dir='ltr'><em>Or.</em></span> 
     </span>
     <span class='ocr_line' id='line_1_53' title="bbox 135 2724 850 2763; baseline 0.004 -10"><span class='ocrx_word' id='word_1_312' title='bbox 135 2724 181 2753; x_wconf 89' lang='grc' dir='ltr'><strong>ΙΙ.</strong></span> <span class='ocrx_word' id='word_1_313' title='bbox 193 2726 246 2755; x_wconf 83' lang='grc'><strong>37.</strong></span> <span class='ocrx_word' id='word_1_314' title='bbox 265 2725 344 2755; x_wconf 86' lang='lat' dir='ltr'><em>dicit</em></span> <span class='ocrx_word' id='word_1_315' title='bbox 357 2735 403 2756; x_wconf 80' lang='lat' dir='ltr'><em>res</em></span> <span class='ocrx_word' id='word_1_316' title='bbox 417 2727 560 2763; x_wconf 63' lang='lat' dir='ltr'><em>maximae,</em></span> <span class='ocrx_word' id='word_1_317' title='bbox 576 2736 632 2757; x_wconf 89' lang='lat' dir='ltr'><em>uos</em></span> <span class='ocrx_word' id='word_1_318' title='bbox 648 2727 700 2756; x_wconf 75' lang='lat' dir='ltr'><em>das</em></span> <span class='ocrx_word' id='word_1_319' title='bbox 711 2725 850 2757; x_wconf 78' lang='lat' dir='ltr'><em>Interesse</em></span> 
     </span>
     <span class='ocr_line' id='line_1_54' title="bbox 135 2767 448 2800; baseline 0.017 -5"><span class='ocrx_word' id='word_1_320' title='bbox 135 2767 184 2796; x_wconf 83' lang='lat' dir='ltr'><em>des</em></span> <span class='ocrx_word' id='word_1_321' title='bbox 197 2767 319 2798; x_wconf 77' lang='lat' dir='ltr'><em>stantes.</em></span> <span class='ocrx_word' id='word_1_322' title='bbox 341 2769 448 2800; x_wconf 73' lang='lat' dir='ltr'><strong>IDEM.</strong></span> 
     </span>
    </p>

    <p class='ocr_par' dir='ltr' id='par_1_20' title="bbox 136 2807 853 2940">
     <span class='ocr_line' id='line_1_55' title="bbox 176 2807 853 2853; baseline 0.003 -13"><span class='ocrx_word' id='word_1_323' title='bbox 176 2807 214 2847; x_wconf 77' lang='grc' dir='ltr'><em>γ’</em></span> <span class='ocrx_word' id='word_1_324' title='bbox 217 2808 319 2842; x_wconf 76' lang='grc' dir='ltr'>Ῥητῶν</span> <span class='ocrx_word' id='word_1_325' title='bbox 332 2812 380 2842; x_wconf 76' lang='grc' dir='ltr'><em>καὶ</em></span> <span class='ocrx_word' id='word_1_326' title='bbox 394 2812 568 2853; x_wconf 78' lang='grc' dir='ltr'>ἀποῤῥητων]</span> <span class='ocrx_word' id='word_1_327' title='bbox 585 2814 662 2852; x_wconf 80' lang='lat' dir='ltr'><em>Quae</em></span> <span class='ocrx_word' id='word_1_328' title='bbox 673 2817 744 2842; x_wconf 85' lang='lat' dir='ltr'><em>sunt</em></span> <span class='ocrx_word' id='word_1_329' title='bbox 754 2812 853 2843; x_wconf 80' lang='lat' dir='ltr'><em>dicen—</em></span> 
     </span>
     <span class='ocr_line' id='line_1_56' title="bbox 137 2851 853 2895; baseline 0.007 -14"><span class='ocrx_word' id='word_1_330' title='bbox 137 2851 176 2881; x_wconf 84' lang='lat' dir='ltr'><em>da</em></span> <span class='ocrx_word' id='word_1_331' title='bbox 185 2857 217 2882; x_wconf 81' lang='lat' dir='ltr'><em>et</em></span> <span class='ocrx_word' id='word_1_332' title='bbox 229 2855 365 2885; x_wconf 78' lang='lat' dir='ltr'><em>tacenda.</em></span> <span class='ocrx_word' id='word_1_333' title='bbox 382 2855 415 2886; x_wconf 84' lang='lat' dir='ltr'><em>si</em></span> <span class='ocrx_word' id='word_1_334' title='bbox 427 2856 532 2895; x_wconf 84' lang='lat' dir='ltr'><em>plures</em></span> <span class='ocrx_word' id='word_1_335' title='bbox 540 2866 650 2887; x_wconf 85' lang='lat' dir='ltr'><em>arcana</em></span> <span class='ocrx_word' id='word_1_336' title='bbox 658 2856 789 2895; x_wconf 85' lang='lat' dir='ltr'><em>reipubl.</em></span> <span class='ocrx_word' id='word_1_337' title='bbox 798 2866 853 2886; x_wconf 89' lang='lat' dir='ltr'><em>no-</em></span> 
     </span>
     <span class='ocr_line' id='line_1_57' title="bbox 136 2897 852 2940; baseline 0.01 -17"><span class='ocrx_word' id='word_1_338' title='bbox 136 2900 260 2931; x_wconf 82' lang='lat' dir='ltr'><em>verunt,</em></span> <span class='ocrx_word' id='word_1_339' title='bbox 273 2897 362 2927; x_wconf 82' lang='lat' dir='ltr'><em>facile</em></span> <span class='ocrx_word' id='word_1_340' title='bbox 374 2909 424 2928; x_wconf 85' lang='lat' dir='ltr'><em>res</em></span> <span class='ocrx_word' id='word_1_341' title='bbox 439 2899 617 2931; x_wconf 83' lang='lat' dir='ltr'><em>miscentur.</em></span> <span class='ocrx_word' id='word_1_342' title='bbox 662 2901 698 2930; x_wconf 90' lang='lat' dir='ltr'><em>In</em></span> <span class='ocrx_word' id='word_1_343' title='bbox 715 2900 852 2940; x_wconf 88' lang='lat' dir='ltr'><em>Aristog.</em></span> 
     </span>
    </p>
   </div>
   <div class='ocr_carea' id='block_1_15' title="bbox 138 2937 854 3014">
    <p class='ocr_par' dir='ltr' id='par_1_21' title="bbox 138 2937 854 3014">
     <span class='ocr_line' id='line_1_58' title="bbox 138 2937 854 3014; baseline 0.009 -47"><span class='ocrx_word' id='word_1_344' title='bbox 138 2938 183 2967; x_wconf 89' lang='lat'><em>11.</em></span> <span class='ocrx_word' id='word_1_345' title='bbox 160 2938 235 3014; x_wconf 53' lang='grc' dir='ltr'><em>ςξ.</em></span> <span class='ocrx_word' id='word_1_346' title='bbox 252 2937 274 2968; x_wconf 78' lang='grc' dir='ltr'><strong>ἑ.</strong></span> <span class='ocrx_word' id='word_1_347' title='bbox 297 2938 413 2982; x_wconf 80' lang='grc' dir='ltr'>ἐλέγχει</span> <span class='ocrx_word' id='word_1_348' title='bbox 428 2943 469 2972; x_wconf 58' lang='lat' dir='ltr'><em>*re</em></span> <span class='ocrx_word' id='word_1_349' title='bbox 483 2942 635 2985; x_wconf 64' lang='grc' dir='ltr'><strong><em>ἀνω-ὅρῥητσ,</em></strong></span> <span class='ocrx_word' id='word_1_350' title='bbox 657 2955 708 2978; x_wconf 77' lang='grc' dir='ltr'><em>της</em></span> <span class='ocrx_word' id='word_1_351' title='bbox 726 2941 854 2975; x_wconf 79' lang='grc' dir='ltr'>πολιτεί-</span> 
     </span>
     <span class='ocr_line' id='line_1_59' title="bbox 225 2992 311 3013; baseline 0 -1"><span class='ocrx_word' id='word_1_352' title='bbox 225 2992 311 3013; x_wconf 72' lang='lat' dir='ltr'><em>nnm-</em></span> 
     </span>
    </p>
   </div>
   <div class='ocr_carea' id='block_1_16' title="bbox 883 1082 1606 3027">
    <p class='ocr_par' dir='ltr' id='par_1_22' title="bbox 883 1082 1606 2713">
     <span class='ocr_line' id='line_1_60' title="bbox 923 1082 1605 1125; baseline -0.004 -11"><span class='ocrx_word' id='word_1_353' title='bbox 923 1083 1012 1123; x_wconf 69' lang='grc' dir='ltr'>“Ἀμα,</span> <span class='ocrx_word' id='word_1_354' title='bbox 1035 1083 1205 1125; x_wconf 74' lang='grc' dir='ltr'><strong><em>στρατηγὸν,</em></strong></span> <span class='ocrx_word' id='word_1_355' title='bbox 1228 1084 1275 1113; x_wconf 72' lang='grc' dir='ltr'><em>καὶ</em></span> <span class='ocrx_word' id='word_1_356' title='bbox 1298 1082 1454 1119; x_wconf 65' lang='grc' dir='ltr'>δεσπότην,</span> <span class='ocrx_word' id='word_1_357' title='bbox 1479 1083 1528 1112; x_wconf 77' lang='grc' dir='ltr'><em>καὶ</em></span> <span class='ocrx_word' id='word_1_358' title='bbox 1551 1095 1605 1112; x_wconf 73' lang='grc' dir='ltr'><em>τα-</em></span> 
     </span>
     <span class='ocr_line' id='line_1_61' title="bbox 886 1127 1604 1169; baseline -0.001 -12"><span class='ocrx_word' id='word_1_359' title='bbox 886 1127 971 1169; x_wconf 80' lang='grc' dir='ltr'>μίαν]</span> <span class='ocrx_word' id='word_1_360' title='bbox 997 1129 1223 1158; x_wconf 84' lang='lat' dir='ltr'><em>Demosthenes</em></span> <span class='ocrx_word' id='word_1_361' title='bbox 1243 1128 1424 1157; x_wconf 82' lang='lat' dir='ltr'><em>mirabiliter</em></span> <span class='ocrx_word' id='word_1_362' title='bbox 1439 1127 1489 1156; x_wconf 84' lang='lat' dir='ltr'><em>hic</em></span> <span class='ocrx_word' id='word_1_363' title='bbox 1507 1137 1604 1166; x_wconf 87' lang='lat' dir='ltr'><em>expo-</em></span> 
     </span>
     <span class='ocr_line' id='line_1_62' title="bbox 888 1170 1605 1210; baseline -0.003 -9"><span class='ocrx_word' id='word_1_364' title='bbox 888 1171 933 1200; x_wconf 89' lang='lat' dir='ltr'><em>nit</em></span> <span class='ocrx_word' id='word_1_365' title='bbox 957 1177 1068 1210; x_wconf 88' lang='lat' dir='ltr'><em>quanto</em></span> <span class='ocrx_word' id='word_1_366' title='bbox 1096 1172 1180 1207; x_wconf 81' lang='lat' dir='ltr'><em>Rex,</em></span> <span class='ocrx_word' id='word_1_367' title='bbox 1204 1172 1256 1210; x_wconf 93' lang='lat' dir='ltr'><em>qui</em></span> <span class='ocrx_word' id='word_1_368' title='bbox 1280 1181 1335 1200; x_wconf 86' lang='lat' dir='ltr'><em>suo</em></span> <span class='ocrx_word' id='word_1_369' title='bbox 1362 1171 1428 1209; x_wconf 83' lang='lat' dir='ltr'><em>ipse</em></span> <span class='ocrx_word' id='word_1_370' title='bbox 1453 1170 1605 1199; x_wconf 81' lang='lat' dir='ltr'><em>exercitui</em></span> 
     </span>
     <span class='ocr_line' id='line_1_63' title="bbox 887 1214 1604 1254; baseline -0.003 -10"><span class='ocrx_word' id='word_1_371' title='bbox 887 1215 1030 1253; x_wconf 85' lang='lat' dir='ltr'><em>imperat,</em></span> <span class='ocrx_word' id='word_1_372' title='bbox 1058 1215 1198 1254; x_wconf 84' lang='lat' dir='ltr'><em>superior</em></span> <span class='ocrx_word' id='word_1_373' title='bbox 1223 1215 1263 1243; x_wconf 82' lang='lat' dir='ltr'><em>sit</em></span> <span class='ocrx_word' id='word_1_374' title='bbox 1286 1214 1528 1252; x_wconf 84' lang='lat' dir='ltr'><em>Imperatoribus</em></span> <span class='ocrx_word' id='word_1_375' title='bbox 1551 1214 1604 1252; x_wconf 87' lang='lat' dir='ltr'><em>qui</em></span> 
     </span>
     <span class='ocr_line' id='line_1_64' title="bbox 887 1257 1606 1296; baseline -0.003 -9"><span class='ocrx_word' id='word_1_376' title='bbox 887 1258 1025 1296; x_wconf 85' lang='lat' dir='ltr'><em>cujusvis</em></span> <span class='ocrx_word' id='word_1_377' title='bbox 1039 1257 1233 1296; x_wconf 74' lang='lat' dir='ltr'><em>Reipublicae</em></span> <span class='ocrx_word' id='word_1_378' title='bbox 1246 1257 1344 1296; x_wconf 80' lang='lat' dir='ltr'><em>copiis</em></span> <span class='ocrx_word' id='word_1_379' title='bbox 1354 1262 1501 1296; x_wconf 82' lang='lat' dir='ltr'><em>praesunt.</em></span> <span class='ocrx_word' id='word_1_380' title='bbox 1528 1257 1606 1285; x_wconf 81' lang='lat' dir='ltr'><em>Post</em></span> 
     </span>
     <span class='ocr_line' id='line_1_65' title="bbox 888 1299 1605 1339; baseline -0.003 -9"><span class='ocrx_word' id='word_1_381' title='bbox 888 1311 956 1330; x_wconf 89' lang='lat' dir='ltr'><em>eum</em></span> <span class='ocrx_word' id='word_1_382' title='bbox 982 1301 1069 1330; x_wconf 73' lang='lat' dir='ltr'><em>&#39;ritus</em></span> <span class='ocrx_word' id='word_1_383' title='bbox 1093 1301 1201 1331; x_wconf 87' lang='lat' dir='ltr'><em>Livius</em></span> <span class='ocrx_word' id='word_1_384' title='bbox 1225 1302 1301 1330; x_wconf 85' lang='lat' dir='ltr'><em>hanc</em></span> <span class='ocrx_word' id='word_1_385' title='bbox 1325 1301 1424 1339; x_wconf 81' lang='lat' dir='ltr'><em>ipsam</em></span> <span class='ocrx_word' id='word_1_386' title='bbox 1450 1310 1514 1329; x_wconf 88' lang='lat' dir='ltr'><em>rem</em></span> <span class='ocrx_word' id='word_1_387' title='bbox 1535 1299 1605 1338; x_wconf 89' lang='lat' dir='ltr'><em>[lib.</em></span> 
     </span>
     <span class='ocr_line' id='line_1_66' title="bbox 887 1343 1605 1385; baseline -0.001 -12"><span class='ocrx_word' id='word_1_388' title='bbox 887 1344 943 1385; x_wconf 82' lang='lat' dir='ltr'><em>ix.]</em></span> <span class='ocrx_word' id='word_1_389' title='bbox 959 1344 1115 1380; x_wconf 85' lang='lat' dir='ltr'><em>tractavit,</em></span> <span class='ocrx_word' id='word_1_390' title='bbox 1133 1349 1223 1384; x_wconf 81' lang='lat' dir='ltr'><em>atque</em></span> <span class='ocrx_word' id='word_1_391' title='bbox 1246 1344 1290 1373; x_wconf 86' lang='lat' dir='ltr'><em>ita</em></span> <span class='ocrx_word' id='word_1_392' title='bbox 1307 1344 1442 1382; x_wconf 85' lang='lat' dir='ltr'><em>quidem,</em></span> <span class='ocrx_word' id='word_1_393' title='bbox 1465 1348 1498 1373; x_wconf 91' lang='lat' dir='ltr'><em>ut</em></span> <span class='ocrx_word' id='word_1_394' title='bbox 1514 1343 1605 1372; x_wconf 88' lang='lat' dir='ltr'><em>dubi-</em></span> 
     </span>
     <span class='ocr_line' id='line_1_67' title="bbox 887 1387 1605 1425; baseline -0.001 -8"><span class='ocrx_word' id='word_1_395' title='bbox 887 1392 933 1417; x_wconf 89' lang='lat' dir='ltr'><em>tes</em></span> <span class='ocrx_word' id='word_1_396' title='bbox 958 1398 1056 1417; x_wconf 87' lang='lat' dir='ltr'><em>annon</em></span> <span class='ocrx_word' id='word_1_397' title='bbox 1082 1388 1241 1418; x_wconf 81' lang='lat' dir='ltr'><em>Oratorem</em></span> <span class='ocrx_word' id='word_1_398' title='bbox 1267 1387 1447 1417; x_wconf 79' lang='lat' dir='ltr'><em>Historicus</em></span> <span class='ocrx_word' id='word_1_399' title='bbox 1464 1397 1605 1425; x_wconf 56' lang='lat' dir='ltr'><em>aequave-</em></span> 
     </span>
     <span class='ocr_line' id='line_1_68' title="bbox 886 1430 1606 1470; baseline -0.001 -10"><span class='ocrx_word' id='word_1_400' title='bbox 886 1431 937 1460; x_wconf 87' lang='lat' dir='ltr'><em>rit.</em></span> <span class='ocrx_word' id='word_1_401' title='bbox 961 1432 1198 1470; x_wconf 86' lang='lat' dir='ltr'><em>Comparatione</em></span> <span class='ocrx_word' id='word_1_402' title='bbox 1211 1431 1353 1461; x_wconf 84' lang='lat' dir='ltr'><em>instituta</em></span> <span class='ocrx_word' id='word_1_403' title='bbox 1371 1430 1450 1460; x_wconf 85' lang='lat' dir='ltr'><em>inter</em></span> <span class='ocrx_word' id='word_1_404' title='bbox 1472 1430 1606 1460; x_wconf 84' lang='lat' dir='ltr'><em>Alexan-</em></span> 
     </span>
     <span class='ocr_line' id='line_1_69' title="bbox 887 1474 1605 1512; baseline -0.004 -8"><span class='ocrx_word' id='word_1_405' title='bbox 887 1476 974 1504; x_wconf 88' lang='lat' dir='ltr'><em>drum</em></span> <span class='ocrx_word' id='word_1_406' title='bbox 992 1480 1022 1505; x_wconf 87' lang='lat' dir='ltr'><em>et</em></span> <span class='ocrx_word' id='word_1_407' title='bbox 1039 1476 1195 1504; x_wconf 87' lang='lat' dir='ltr'><em>Romanos</em></span> <span class='ocrx_word' id='word_1_408' title='bbox 1212 1475 1318 1509; x_wconf 83' lang='lat' dir='ltr'><em>duces,</em></span> <span class='ocrx_word' id='word_1_409' title='bbox 1335 1474 1517 1512; x_wconf 87' lang='lat' dir='ltr'><em>quibuscum</em></span> <span class='ocrx_word' id='word_1_410' title='bbox 1541 1474 1605 1502; x_wconf 88' lang='lat' dir='ltr'><em>Re-</em></span> 
     </span>
     <span class='ocr_line' id='line_1_70' title="bbox 887 1516 1604 1557; baseline -0.003 -10.997"><span class='ocrx_word' id='word_1_411' title='bbox 887 1518 918 1555; x_wconf 79' lang='lat' dir='ltr'><em>gi</em></span> <span class='ocrx_word' id='word_1_412' title='bbox 944 1519 1135 1548; x_wconf 80' lang='lat' dir='ltr'><em>Macedoniae</em></span> <span class='ocrx_word' id='word_1_413' title='bbox 1151 1518 1346 1557; x_wconf 86' lang='lat' dir='ltr'><em>pugnandum</em></span> <span class='ocrx_word' id='word_1_414' title='bbox 1363 1522 1457 1551; x_wconf 82' lang='lat' dir='ltr'><em>esset,</em></span> <span class='ocrx_word' id='word_1_415' title='bbox 1474 1516 1499 1544; x_wconf 84' lang='lat' dir='ltr'><em>si</em></span> <span class='ocrx_word' id='word_1_416' title='bbox 1520 1526 1604 1545; x_wconf 82' lang='lat' dir='ltr'><em>arma</em></span> 
     </span>
     <span class='ocr_line' id='line_1_71' title="bbox 887 1558 1604 1597; baseline -0.004 -7"><span class='ocrx_word' id='word_1_417' title='bbox 887 1562 924 1590; x_wconf 91' lang='lat' dir='ltr'><em>ad</em></span> <span class='ocrx_word' id='word_1_418' title='bbox 949 1562 1071 1591; x_wconf 85' lang='lat' dir='ltr'><em>Italiam</em></span> <span class='ocrx_word' id='word_1_419' title='bbox 1094 1562 1252 1597; x_wconf 77' lang='lat' dir='ltr'><em>vertisset,</em></span> <span class='ocrx_word' id='word_1_420' title='bbox 1276 1565 1284 1578; x_wconf 88' lang='lat'><em>‘</em></span> <span class='ocrx_word' id='word_1_421' title='bbox 1299 1560 1383 1597; x_wconf 81' lang='lat' dir='ltr'><em>Quin</em></span> <span class='ocrx_word' id='word_1_422' title='bbox 1399 1565 1429 1589; x_wconf 90' lang='lat' dir='ltr'><em>tu</em></span> <span class='ocrx_word' id='word_1_423' title='bbox 1447 1558 1604 1593; x_wconf 85' lang='lat' dir='ltr'><em>hominis,&#39;</em></span> 
     </span>
     <span class='ocr_line' id='line_1_72' title="bbox 886 1603 1605 1643; baseline -0.003 -10"><span class='ocrx_word' id='word_1_424' title='bbox 886 1603 999 1643; x_wconf 87' lang='lat' dir='ltr'><em>inquit,</em></span> <span class='ocrx_word' id='word_1_425' title='bbox 1023 1609 1031 1622; x_wconf 92' lang='lat'>‘</span> <span class='ocrx_word' id='word_1_426' title='bbox 1050 1615 1119 1634; x_wconf 87' lang='lat' dir='ltr'><em>cum</em></span> <span class='ocrx_word' id='word_1_427' title='bbox 1132 1605 1264 1640; x_wconf 85' lang='lat' dir='ltr'><em>homine,</em></span> <span class='ocrx_word' id='word_1_428' title='bbox 1281 1609 1311 1634; x_wconf 89' lang='lat' dir='ltr'><em>et</em></span> <span class='ocrx_word' id='word_1_429' title='bbox 1328 1603 1417 1633; x_wconf 88' lang='lat' dir='ltr'><em>ducis</em></span> <span class='ocrx_word' id='word_1_430' title='bbox 1431 1614 1499 1632; x_wconf 90' lang='lat' dir='ltr'><em>cum</em></span> <span class='ocrx_word' id='word_1_431' title='bbox 1512 1603 1605 1638; x_wconf 81' lang='lat' dir='ltr'><em>duce,</em></span> 
     </span>
     <span class='ocr_line' id='line_1_73' title="bbox 886 1645 1605 1683; baseline -0.003 -7"><span class='ocrx_word' id='word_1_432' title='bbox 886 1648 1036 1678; x_wconf 87' lang='lat' dir='ltr'><em>fortunam</em></span> <span class='ocrx_word' id='word_1_433' title='bbox 1049 1659 1117 1678; x_wconf 87' lang='lat' dir='ltr'><em>cum</em></span> <span class='ocrx_word' id='word_1_434' title='bbox 1134 1650 1254 1678; x_wconf 77' lang='lat' dir='ltr'><em>fortuna</em></span> <span class='ocrx_word' id='word_1_435' title='bbox 1270 1648 1403 1677; x_wconf 84' lang='lat' dir='ltr'><em>confers.</em></span> <span class='ocrx_word' id='word_1_436' title='bbox 1440 1647 1524 1683; x_wconf 89' lang='lat' dir='ltr'><em>Quot</em></span> <span class='ocrx_word' id='word_1_437' title='bbox 1541 1645 1605 1674; x_wconf 78' lang='lat' dir='ltr'><em>Ro-</em></span> 
     </span>
     <span class='ocr_line' id='line_1_74' title="bbox 885 1691 1604 1729; baseline -0.006 -8"><span class='ocrx_word' id='word_1_438' title='bbox 885 1701 989 1721; x_wconf 83' lang='lat' dir='ltr'><em>manos</em></span> <span class='ocrx_word' id='word_1_439' title='bbox 1008 1693 1103 1721; x_wconf 88' lang='lat' dir='ltr'><em>duces</em></span> <span class='ocrx_word' id='word_1_440' title='bbox 1127 1691 1293 1727; x_wconf 86' lang='lat' dir='ltr'><em>nominem,</em></span> <span class='ocrx_word' id='word_1_441' title='bbox 1313 1691 1426 1729; x_wconf 85' lang='lat' dir='ltr'><em>quibus</em></span> <span class='ocrx_word' id='word_1_442' title='bbox 1452 1699 1604 1728; x_wconf 86' lang='lat' dir='ltr'><em>nunquam</em></span> 
     </span>
     <span class='ocr_line' id='line_1_75' title="bbox 886 1732 1604 1774; baseline -0.006 -10"><span class='ocrx_word' id='word_1_443' title='bbox 886 1735 1015 1764; x_wconf 88' lang='lat' dir='ltr'><em>adversa</em></span> <span class='ocrx_word' id='word_1_444' title='bbox 1039 1736 1159 1764; x_wconf 83' lang='lat' dir='ltr'><em>fortuna</em></span> <span class='ocrx_word' id='word_1_445' title='bbox 1179 1745 1290 1774; x_wconf 85' lang='lat' dir='ltr'><em>pugnae</em></span> <span class='ocrx_word' id='word_1_446' title='bbox 1312 1733 1390 1762; x_wconf 84' lang='lat' dir='ltr'><em>fuit?</em></span> <span class='ocrx_word' id='word_1_447' title='bbox 1418 1733 1552 1769; x_wconf 66' lang='lat' dir='ltr'><em>Paginas</em></span> <span class='ocrx_word' id='word_1_448' title='bbox 1573 1732 1604 1761; x_wconf 89' lang='lat' dir='ltr'><em>in</em></span> 
     </span>
     <span class='ocr_line' id='line_1_76' title="bbox 885 1776 1604 1815; baseline -0.006 -8"><span class='ocrx_word' id='word_1_449' title='bbox 885 1778 1042 1807; x_wconf 81' lang='lat' dir='ltr'><em>annalibus</em></span> <span class='ocrx_word' id='word_1_450' title='bbox 1061 1778 1297 1815; x_wconf 82' lang='lat' dir='ltr'><em>magistratuum</em></span> <span class='ocrx_word' id='word_1_451' title='bbox 1321 1786 1503 1815; x_wconf 85' lang='lat' dir='ltr'><em>percurrere</em></span> <span class='ocrx_word' id='word_1_452' title='bbox 1517 1776 1604 1811; x_wconf 85' lang='lat' dir='ltr'><em>licet,</em></span> 
     </span>
     <span class='ocr_line' id='line_1_77' title="bbox 885 1821 1602 1857; baseline -0.004 -8"><span class='ocrx_word' id='word_1_453' title='bbox 885 1821 1057 1854; x_wconf 87' lang='lat' dir='ltr'><em>consulum,</em></span> <span class='ocrx_word' id='word_1_454' title='bbox 1090 1821 1348 1857; x_wconf 84' lang='lat' dir='ltr'><em>dictatorumque,</em></span> <span class='ocrx_word' id='word_1_455' title='bbox 1385 1828 1514 1857; x_wconf 88' lang='lat' dir='ltr'><em>quorum</em></span> <span class='ocrx_word' id='word_1_456' title='bbox 1545 1828 1602 1847; x_wconf 81' lang='lat' dir='ltr'><em>nec</em></span> 
     </span>
     <span class='ocr_line' id='line_1_78' title="bbox 885 1861 1602 1900; baseline -0.001 -8"><span class='ocrx_word' id='word_1_457' title='bbox 885 1863 1021 1898; x_wconf 88' lang='lat' dir='ltr'><em>virtutis,</em></span> <span class='ocrx_word' id='word_1_458' title='bbox 1047 1872 1103 1891; x_wconf 89' lang='lat' dir='ltr'><em>nec</em></span> <span class='ocrx_word' id='word_1_459' title='bbox 1133 1863 1262 1891; x_wconf 82' lang='lat' dir='ltr'><em>fortunae</em></span> <span class='ocrx_word' id='word_1_460' title='bbox 1292 1861 1355 1890; x_wconf 92' lang='lat' dir='ltr'><em>ullo</em></span> <span class='ocrx_word' id='word_1_461' title='bbox 1379 1863 1430 1890; x_wconf 87' lang='lat' dir='ltr'><em>die</em></span> <span class='ocrx_word' id='word_1_462' title='bbox 1454 1861 1602 1900; x_wconf 88' lang='lat' dir='ltr'><em>populum</em></span> 
     </span>
     <span class='ocr_line' id='line_1_79' title="bbox 886 1904 1604 1943; baseline 0 -10"><span class='ocrx_word' id='word_1_463' title='bbox 886 1906 1053 1934; x_wconf 81' lang='lat' dir='ltr'><em>Romanum</em></span> <span class='ocrx_word' id='word_1_464' title='bbox 1078 1904 1233 1943; x_wconf 85' lang='lat' dir='ltr'><em>poeuituit.</em></span> <span class='ocrx_word' id='word_1_465' title='bbox 1278 1905 1319 1933; x_wconf 88' lang='lat' dir='ltr'><em>Et</em></span> <span class='ocrx_word' id='word_1_466' title='bbox 1341 1915 1402 1943; x_wconf 92' lang='lat' dir='ltr'><em>quo</em></span> <span class='ocrx_word' id='word_1_467' title='bbox 1425 1904 1486 1933; x_wconf 82' lang='lat' dir='ltr'><em>sint</em></span> <span class='ocrx_word' id='word_1_468' title='bbox 1511 1905 1604 1934; x_wconf 85' lang='lat' dir='ltr'><em>mira-</em></span> 
     </span>
     <span class='ocr_line' id='line_1_80' title="bbox 884 1947 1599 1986; baseline 0.003 -11"><span class='ocrx_word' id='word_1_469' title='bbox 884 1947 1024 1982; x_wconf 77' lang='lat' dir='ltr'><em>biliores,</em></span> <span class='ocrx_word' id='word_1_470' title='bbox 1040 1958 1130 1985; x_wconf 89' lang='lat' dir='ltr'><em>quam</em></span> <span class='ocrx_word' id='word_1_471' title='bbox 1155 1947 1343 1983; x_wconf 84' lang='lat' dir='ltr'><em>Alexander,</em></span> <span class='ocrx_word' id='word_1_472' title='bbox 1361 1952 1412 1977; x_wconf 89' lang='lat' dir='ltr'><em>aut</em></span> <span class='ocrx_word' id='word_1_473' title='bbox 1438 1948 1599 1986; x_wconf 88' lang='lat' dir='ltr'><em>quisquam</em></span> 
     </span>
     <span class='ocr_line' id='line_1_81' title="bbox 884 1990 1602 2029; baseline 0.001 -11"><span class='ocrx_word' id='word_1_474' title='bbox 884 1990 962 2019; x_wconf 90' lang='lat' dir='ltr'><em>alius</em></span> <span class='ocrx_word' id='word_1_475' title='bbox 986 1991 1076 2026; x_wconf 85' lang='lat' dir='ltr'><em>Rex;</em></span> <span class='ocrx_word' id='word_1_476' title='bbox 1099 1991 1206 2024; x_wconf 85' lang='lat' dir='ltr'><em>denos,</em></span> <span class='ocrx_word' id='word_1_477' title='bbox 1227 1990 1414 2029; x_wconf 89' lang='lat' dir='ltr'><em>vicenosque</em></span> <span class='ocrx_word' id='word_1_478' title='bbox 1441 1991 1508 2019; x_wconf 91' lang='lat' dir='ltr'><em>dies</em></span> <span class='ocrx_word' id='word_1_479' title='bbox 1534 1991 1602 2029; x_wconf 90' lang='lat' dir='ltr'><em>qui-</em></span> 
     </span>
     <span class='ocr_line' id='line_1_82' title="bbox 883 2033 1601 2072; baseline 0.001 -11"><span class='ocrx_word' id='word_1_480' title='bbox 883 2033 952 2062; x_wconf 86' lang='lat' dir='ltr'><em>dam</em></span> <span class='ocrx_word' id='word_1_481' title='bbox 969 2034 1163 2067; x_wconf 80' lang='lat' dir='ltr'><em>dictaturam,</em></span> <span class='ocrx_word' id='word_1_482' title='bbox 1180 2043 1268 2062; x_wconf 84' lang='lat' dir='ltr'><em>nemo</em></span> <span class='ocrx_word' id='word_1_483' title='bbox 1285 2033 1454 2072; x_wconf 79' lang='lat' dir='ltr'><em>plusquam</em></span> <span class='ocrx_word' id='word_1_484' title='bbox 1469 2044 1601 2063; x_wconf 85' lang='lat' dir='ltr'><em>annuum</em></span> 
     </span>
     <span class='ocr_line' id='line_1_83' title="bbox 884 2076 1600 2115; baseline 0.001 -11"><span class='ocrx_word' id='word_1_485' title='bbox 884 2076 1074 2105; x_wconf 77' lang='lat' dir='ltr'><em>consulatum</em></span> <span class='ocrx_word' id='word_1_486' title='bbox 1089 2076 1186 2115; x_wconf 86' lang='lat' dir='ltr'><em>gessit</em></span> <span class='ocrx_word' id='word_1_487' title='bbox 1201 2088 1208 2105; x_wconf 92' lang='lat'>:</span> <span class='ocrx_word' id='word_1_488' title='bbox 1233 2077 1269 2105; x_wconf 89' lang='lat' dir='ltr'><em>ab</em></span> <span class='ocrx_word' id='word_1_489' title='bbox 1282 2077 1414 2105; x_wconf 84' lang='lat' dir='ltr'><em>tribunis</em></span> <span class='ocrx_word' id='word_1_490' title='bbox 1432 2077 1533 2115; x_wconf 85' lang='lat' dir='ltr'><em>plebis</em></span> <span class='ocrx_word' id='word_1_491' title='bbox 1546 2077 1600 2105; x_wconf 89' lang='lat' dir='ltr'><em>de-</em></span> 
     </span>
     <span class='ocr_line' id='line_1_84' title="bbox 883 2118 1601 2158; baseline 0.003 -11"><span class='ocrx_word' id='word_1_492' title='bbox 883 2118 982 2148; x_wconf 83' lang='lat' dir='ltr'><em>lectus</em></span> <span class='ocrx_word' id='word_1_493' title='bbox 1014 2119 1155 2157; x_wconf 84' lang='lat' dir='ltr'><em>impediti</em></span> <span class='ocrx_word' id='word_1_494' title='bbox 1188 2124 1276 2148; x_wconf 78' lang='lat' dir='ltr'><em>sunt:</em></span> <span class='ocrx_word' id='word_1_495' title='bbox 1310 2124 1382 2158; x_wconf 84' lang='lat' dir='ltr'><em>post</em></span> <span class='ocrx_word' id='word_1_496' title='bbox 1409 2124 1530 2158; x_wconf 80' lang='lat' dir='ltr'><em>tempus</em></span> <span class='ocrx_word' id='word_1_497' title='bbox 1562 2120 1601 2149; x_wconf 84' lang='lat' dir='ltr'><em>ad</em></span> 
     </span>
     <span class='ocr_line' id='line_1_85' title="bbox 883 2162 1601 2200; baseline 0 -9"><span class='ocrx_word' id='word_1_498' title='bbox 883 2162 965 2191; x_wconf 86' lang='lat' dir='ltr'><em>bella</em></span> <span class='ocrx_word' id='word_1_499' title='bbox 995 2163 1110 2192; x_wconf 87' lang='lat' dir='ltr'><em>ierunt:</em></span> <span class='ocrx_word' id='word_1_500' title='bbox 1145 2166 1213 2191; x_wconf 88' lang='lat' dir='ltr'><em>ante</em></span> <span class='ocrx_word' id='word_1_501' title='bbox 1243 2167 1376 2200; x_wconf 86' lang='lat' dir='ltr'><em>tempus,</em></span> <span class='ocrx_word' id='word_1_502' title='bbox 1404 2162 1601 2192; x_wconf 84' lang='lat' dir='ltr'><em>comitiorum</em></span> 
     </span>
     <span class='ocr_line' id='line_1_86' title="bbox 884 2205 1601 2245; baseline 0.001 -11"><span class='ocrx_word' id='word_1_503' title='bbox 884 2215 988 2240; x_wconf 83' lang='lat' dir='ltr'><em>causa,</em></span> <span class='ocrx_word' id='word_1_504' title='bbox 1013 2205 1149 2234; x_wconf 88' lang='lat' dir='ltr'><em>revocati</em></span> <span class='ocrx_word' id='word_1_505' title='bbox 1173 2210 1263 2234; x_wconf 83' lang='lat' dir='ltr'><em>sunt:</em></span> <span class='ocrx_word' id='word_1_506' title='bbox 1288 2206 1317 2234; x_wconf 88' lang='lat' dir='ltr'><em>in</em></span> <span class='ocrx_word' id='word_1_507' title='bbox 1341 2207 1411 2245; x_wconf 87' lang='lat' dir='ltr'><em>ipso</em></span> <span class='ocrx_word' id='word_1_508' title='bbox 1428 2210 1536 2235; x_wconf 87' lang='lat' dir='ltr'><em>conatu</em></span> <span class='ocrx_word' id='word_1_509' title='bbox 1553 2215 1601 2234; x_wconf 83' lang='lat' dir='ltr'><em>re-</em></span> 
     </span>
     <span class='ocr_line' id='line_1_87' title="bbox 885 2248 1600 2288; baseline 0 -10"><span class='ocrx_word' id='word_1_510' title='bbox 885 2259 949 2278; x_wconf 86' lang='lat' dir='ltr'><em>rum</em></span> <span class='ocrx_word' id='word_1_511' title='bbox 968 2248 1151 2287; x_wconf 87' lang='lat' dir='ltr'><em>circumegit</em></span> <span class='ocrx_word' id='word_1_512' title='bbox 1173 2259 1207 2278; x_wconf 87' lang='lat' dir='ltr'><em>se</em></span> <span class='ocrx_word' id='word_1_513' title='bbox 1233 2259 1350 2278; x_wconf 85' lang='lat' dir='ltr'><em>annus:</em></span> <span class='ocrx_word' id='word_1_514' title='bbox 1376 2249 1504 2288; x_wconf 85' lang='lat' dir='ltr'><em>collegae</em></span> <span class='ocrx_word' id='word_1_515' title='bbox 1521 2259 1600 2278; x_wconf 90' lang='lat' dir='ltr'><em>nunc</em></span> 
     </span>
     <span class='ocr_line' id='line_1_88' title="bbox 884 2291 1601 2331; baseline 0 -10"><span class='ocrx_word' id='word_1_516' title='bbox 884 2292 1055 2327; x_wconf 88' lang='lat' dir='ltr'><em>temeritas,</em></span> <span class='ocrx_word' id='word_1_517' title='bbox 1080 2302 1160 2321; x_wconf 86' lang='lat' dir='ltr'><em>nunc</em></span> <span class='ocrx_word' id='word_1_518' title='bbox 1199 2292 1349 2331; x_wconf 87' lang='lat' dir='ltr'><em>pravitas,</em></span> <span class='ocrx_word' id='word_1_519' title='bbox 1377 2291 1601 2331; x_wconf 86' lang='lat' dir='ltr'><em>impedimento</em></span> 
     </span>
     <span class='ocr_line' id='line_1_89' title="bbox 883 2335 1602 2374; baseline 0 -9"><span class='ocrx_word' id='word_1_520' title='bbox 883 2340 936 2365; x_wconf 85' lang='lat' dir='ltr'><em>aut</em></span> <span class='ocrx_word' id='word_1_521' title='bbox 952 2336 1062 2365; x_wconf 87' lang='lat' dir='ltr'><em>damno</em></span> <span class='ocrx_word' id='word_1_522' title='bbox 1077 2335 1159 2365; x_wconf 82' lang='lat' dir='ltr'><em>fuit:</em></span> <span class='ocrx_word' id='word_1_523' title='bbox 1182 2336 1262 2365; x_wconf 89' lang='lat' dir='ltr'><em>male</em></span> <span class='ocrx_word' id='word_1_524' title='bbox 1279 2335 1374 2374; x_wconf 85' lang='lat' dir='ltr'><em>gestis</em></span> <span class='ocrx_word' id='word_1_525' title='bbox 1388 2337 1480 2365; x_wconf 89' lang='lat' dir='ltr'><em>rebus</em></span> <span class='ocrx_word' id='word_1_526' title='bbox 1496 2335 1602 2365; x_wconf 87' lang='lat' dir='ltr'><em>alteri-</em></span> 
     </span>
     <span class='ocr_line' id='line_1_90' title="bbox 884 2378 1601 2414; baseline -0.001 -5"><span class='ocrx_word' id='word_1_527' title='bbox 884 2389 921 2408; x_wconf 88' lang='lat' dir='ltr'><em>us</em></span> <span class='ocrx_word' id='word_1_528' title='bbox 950 2389 1127 2409; x_wconf 85' lang='lat' dir='ltr'><em>successum</em></span> <span class='ocrx_word' id='word_1_529' title='bbox 1157 2383 1226 2408; x_wconf 84' lang='lat' dir='ltr'><em>est:</em></span> <span class='ocrx_word' id='word_1_530' title='bbox 1266 2378 1408 2414; x_wconf 83' lang='lat' dir='ltr'><em>tironem,</em></span> <span class='ocrx_word' id='word_1_531' title='bbox 1437 2383 1489 2409; x_wconf 89' lang='lat' dir='ltr'><em>aut</em></span> <span class='ocrx_word' id='word_1_532' title='bbox 1521 2379 1601 2408; x_wconf 86' lang='lat' dir='ltr'><em>mala</em></span> 
     </span>
     <span class='ocr_line' id='line_1_91' title="bbox 883 2422 1600 2462; baseline 0 -10"><span class='ocrx_word' id='word_1_533' title='bbox 883 2422 1049 2462; x_wconf 89' lang='lat' dir='ltr'><em>disciplina</em></span> <span class='ocrx_word' id='word_1_534' title='bbox 1063 2422 1251 2458; x_wconf 85' lang='lat' dir='ltr'><em>institutum,</em></span> <span class='ocrx_word' id='word_1_535' title='bbox 1271 2422 1445 2452; x_wconf 83' lang='lat' dir='ltr'><em>exercitum</em></span> <span class='ocrx_word' id='word_1_536' title='bbox 1469 2432 1600 2461; x_wconf 86' lang='lat' dir='ltr'><em>accepe-</em></span> 
     </span>
     <span class='ocr_line' id='line_1_92' title="bbox 884 2466 1601 2505; baseline -0.003 -9"><span class='ocrx_word' id='word_1_537' title='bbox 884 2470 965 2496; x_wconf 80' lang='lat' dir='ltr'><em>runt.</em></span> <span class='ocrx_word' id='word_1_538' title='bbox 1004 2467 1058 2502; x_wconf 84' lang='lat' dir='ltr'><em>At,</em></span> <span class='ocrx_word' id='word_1_539' title='bbox 1074 2466 1224 2501; x_wconf 84' lang='lat' dir='ltr'><em>Hercule,</em></span> <span class='ocrx_word' id='word_1_540' title='bbox 1241 2466 1359 2505; x_wconf 85' lang='lat' dir='ltr'><em>Reges,</em></span> <span class='ocrx_word' id='word_1_541' title='bbox 1375 2476 1433 2495; x_wconf 91' lang='lat' dir='ltr'><em>non</em></span> <span class='ocrx_word' id='word_1_542' title='bbox 1448 2466 1538 2495; x_wconf 85' lang='lat' dir='ltr'><em>liberi</em></span> <span class='ocrx_word' id='word_1_543' title='bbox 1551 2475 1601 2494; x_wconf 89' lang='lat' dir='ltr'><em>so-</em></span> 
     </span>
     <span class='ocr_line' id='line_1_93' title="bbox 884 2507 1601 2548; baseline 0 -10"><span class='ocrx_word' id='word_1_544' title='bbox 884 2509 947 2540; x_wconf 90' lang='lat' dir='ltr'><em>lum</em></span> <span class='ocrx_word' id='word_1_545' title='bbox 973 2508 1201 2548; x_wconf 87' lang='lat' dir='ltr'><em>impedimentis</em></span> <span class='ocrx_word' id='word_1_546' title='bbox 1225 2510 1378 2544; x_wconf 89' lang='lat' dir='ltr'><em>omnibus,</em></span> <span class='ocrx_word' id='word_1_547' title='bbox 1411 2509 1467 2538; x_wconf 88' lang='lat' dir='ltr'><em>sed</em></span> <span class='ocrx_word' id='word_1_548' title='bbox 1496 2507 1601 2538; x_wconf 84' lang='lat' dir='ltr'><em>Domi-</em></span> 
     </span>
     <span class='ocr_line' id='line_1_94' title="bbox 884 2552 1601 2593; baseline -0.001 -11"><span class='ocrx_word' id='word_1_549' title='bbox 884 2554 918 2583; x_wconf 79' lang='grc' dir='ltr'><em>ηῐ</em></span> <span class='ocrx_word' id='word_1_550' title='bbox 941 2562 1042 2582; x_wconf 79' lang='lat' dir='ltr'><em>rerum</em></span> <span class='ocrx_word' id='word_1_551' title='bbox 1063 2558 1293 2593; x_wconf 80' lang='lat' dir='ltr'><em>temporumque,</em></span> <span class='ocrx_word' id='word_1_552' title='bbox 1320 2552 1447 2582; x_wconf 78' lang='lat' dir='ltr'><em>trahunt</em></span> <span class='ocrx_word' id='word_1_553' title='bbox 1472 2552 1601 2581; x_wconf 68' lang='lat' dir='ltr'><em>consiliis</em></span> 
     </span>
     <span class='ocr_line' id='line_1_95' title="bbox 884 2595 1600 2636; baseline -0.003 -11"><span class='ocrx_word' id='word_1_554' title='bbox 884 2601 1008 2632; x_wconf 76' lang='lat' dir='ltr'><em>cuncta,</em></span> <span class='ocrx_word' id='word_1_555' title='bbox 1026 2606 1084 2625; x_wconf 82' lang='lat' dir='ltr'><em>non</em></span> <span class='ocrx_word' id='word_1_556' title='bbox 1109 2595 1295 2636; x_wconf 57' lang='lat' dir='ltr'><em>sequuntur?</em></span> <span class='ocrx_word' id='word_1_557' title='bbox 1339 2596 1376 2625; x_wconf 89' lang='lat' dir='ltr'><em>In</em></span> <span class='ocrx_word' id='word_1_558' title='bbox 1404 2599 1464 2625; x_wconf 88' lang='lat' dir='ltr'><em>tam</em></span> <span class='ocrx_word' id='word_1_559' title='bbox 1492 2595 1600 2633; x_wconf 84' lang='lat' dir='ltr'><em>paucis</em></span> 
     </span>
     <span class='ocr_line' id='line_1_96' title="bbox 884 2638 1599 2678; baseline -0.004 -9"><span class='ocrx_word' id='word_1_560' title='bbox 884 2639 988 2669; x_wconf 83' lang='lat' dir='ltr'><em>verbis</em></span> <span class='ocrx_word' id='word_1_561' title='bbox 1018 2643 1130 2678; x_wconf 79' lang='lat' dir='ltr'><em>quanta</em></span> <span class='ocrx_word' id='word_1_562' title='bbox 1159 2639 1342 2675; x_wconf 80' lang='lat' dir='ltr'><em>sublimitas,</em></span> <span class='ocrx_word' id='word_1_563' title='bbox 1381 2642 1494 2678; x_wconf 87' lang='lat' dir='ltr'><em>quanta</em></span> <span class='ocrx_word' id='word_1_564' title='bbox 1529 2638 1599 2668; x_wconf 85' lang='lat' dir='ltr'><em>vis!</em></span> 
     </span>
     <span class='ocr_line' id='line_1_97' title="bbox 887 2682 1198 2713; baseline 0 -1"><span class='ocrx_word' id='word_1_565' title='bbox 887 2682 1031 2713; x_wconf 79' lang='lat' dir='ltr'><em>Tourrell.</em></span> <span class='ocrx_word' id='word_1_566' title='bbox 1055 2684 1198 2713; x_wconf 76' lang='grc' dir='ltr'><strong>ΜουΝΤ.</strong></span> 
     </span>
    </p>

    <p class='ocr_par' dir='ltr' id='par_1_23' title="bbox 884 2723 1604 3027">
     <span class='ocr_line' id='line_1_98' title="bbox 927 2723 1602 2767; baseline -0.006 -11"><span class='ocrx_word' id='word_1_567' title='bbox 927 2725 1149 2767; x_wconf 70' lang='grc' dir='ltr'>Στςατεὺμαιτι]</span> <span class='ocrx_word' id='word_1_568' title='bbox 1164 2725 1250 2756; x_wconf 89' lang='lat' dir='ltr'><em>Nihil</em></span> <span class='ocrx_word' id='word_1_569' title='bbox 1263 2736 1380 2760; x_wconf 86' lang='lat' dir='ltr'><em>eorum,</em></span> <span class='ocrx_word' id='word_1_570' title='bbox 1398 2735 1466 2765; x_wconf 80' lang='lat' dir='ltr'><em>quae</em></span> <span class='ocrx_word' id='word_1_571' title='bbox 1482 2723 1602 2762; x_wconf 88' lang='lat' dir='ltr'><em>Philip-</em></span> 
     </span>
     <span class='ocr_line' id='line_1_99' title="bbox 884 2768 1602 2819; baseline -0.006 -21"><span class='ocrx_word' id='word_1_572' title='bbox 884 2768 918 2819; x_wconf 81' lang='lat' dir='ltr'><em>pi</em></span> <span class='ocrx_word' id='word_1_573' title='bbox 933 2768 1074 2800; x_wconf 87' lang='lat' dir='ltr'><em>consiliis</em></span> <span class='ocrx_word' id='word_1_574' title='bbox 1091 2769 1286 2808; x_wconf 86' lang='lat' dir='ltr'><em>perficiendis</em></span> <span class='ocrx_word' id='word_1_575' title='bbox 1303 2770 1456 2803; x_wconf 81' lang='lat' dir='ltr'><em>favebant,</em></span> <span class='ocrx_word' id='word_1_576' title='bbox 1472 2768 1602 2797; x_wconf 87' lang='lat' dir='ltr'><em>cadebat</em></span> 
     </span>
     <span class='ocr_line' id='line_1_100' title="bbox 885 2810 1601 2852; baseline -0.007 -10"><span class='ocrx_word' id='word_1_577' title='bbox 885 2813 916 2842; x_wconf 88' lang='lat' dir='ltr'><em>in</em></span> <span class='ocrx_word' id='word_1_578' title='bbox 932 2812 1030 2843; x_wconf 84' lang='lat' dir='ltr'><em>duces</em></span> <span class='ocrx_word' id='word_1_579' title='bbox 1044 2813 1223 2843; x_wconf 79' lang='lat' dir='ltr'><em>Atheniens</em></span> <span class='ocrx_word' id='word_1_580' title='bbox 1199 2823 1289 2848; x_wconf 65' lang='lat' dir='ltr'><em>sium,</em></span> <span class='ocrx_word' id='word_1_581' title='bbox 1301 2813 1353 2852; x_wconf 88' lang='lat' dir='ltr'><em>qui</em></span> <span class='ocrx_word' id='word_1_582' title='bbox 1365 2822 1382 2841; x_wconf 87' lang='lat' dir='ltr'><em>a</em></span> <span class='ocrx_word' id='word_1_583' title='bbox 1395 2810 1530 2841; x_wconf 86' lang='lat' dir='ltr'><em>decretis</em></span> <span class='ocrx_word' id='word_1_584' title='bbox 1545 2818 1601 2847; x_wconf 88' lang='lat' dir='ltr'><em>po-</em></span> 
     </span>
     <span class='ocr_line' id='line_1_101' title="bbox 886 2855 1602 2897; baseline -0.008 -12"><span class='ocrx_word' id='word_1_585' title='bbox 886 2856 952 2897; x_wconf 85' lang='lat' dir='ltr'><em>puli</em></span> <span class='ocrx_word' id='word_1_586' title='bbox 978 2856 1164 2896; x_wconf 87' lang='lat' dir='ltr'><em>pendebant</em></span> <span class='ocrx_word' id='word_1_587' title='bbox 1221 2855 1487 2893; x_wconf 86' lang='lat' dir='ltr'><em>Quemadmodum</em></span> <span class='ocrx_word' id='word_1_588' title='bbox 1528 2861 1602 2880; x_wconf 86' lang='lat' dir='ltr'><em>vero</em></span> 
     </span>
     <span class='ocr_line' id='line_1_102' title="bbox 889 2894 1603 2940; baseline -0.013 -10"><span class='ocrx_word' id='word_1_589' title='bbox 889 2903 991 2930; x_wconf 87' lang='lat' dir='ltr'><em>orator</em></span> <span class='ocrx_word' id='word_1_590' title='bbox 1005 2901 1162 2940; x_wconf 84' lang='lat' dir='ltr'><em>asyndetis,</em></span> <span class='ocrx_word' id='word_1_591' title='bbox 1177 2904 1212 2929; x_wconf 92' lang='lat' dir='ltr'><em>ut</em></span> <span class='ocrx_word' id='word_1_592' title='bbox 1235 2899 1409 2938; x_wconf 86' lang='lat' dir='ltr'><em>complures</em></span> <span class='ocrx_word' id='word_1_593' title='bbox 1430 2906 1480 2926; x_wconf 88' lang='lat' dir='ltr'><em>res</em></span> <span class='ocrx_word' id='word_1_594' title='bbox 1495 2894 1603 2923; x_wconf 86' lang='lat' dir='ltr'><em>animis</em></span> 
     </span>
     <span class='ocr_line' id='line_1_103' title="bbox 889 2937 1602 2982; baseline -0.011 -9"><span class='ocrx_word' id='word_1_595' title='bbox 889 2942 1077 2974; x_wconf 81' lang='lat' dir='ltr'><em>audientium</em></span> <span class='ocrx_word' id='word_1_596' title='bbox 1094 2953 1153 2973; x_wconf 91' lang='lat' dir='ltr'><em>una</em></span> <span class='ocrx_word' id='word_1_597' title='bbox 1170 2943 1285 2982; x_wconf 86' lang='lat' dir='ltr'><em>infigat,</em></span> <span class='ocrx_word' id='word_1_598' title='bbox 1301 2942 1407 2975; x_wconf 86' lang='lat' dir='ltr'><em>utitur,</em></span> <span class='ocrx_word' id='word_1_599' title='bbox 1427 2939 1470 2968; x_wconf 80' lang='lat' dir='ltr'><em>ita</em></span> <span class='ocrx_word' id='word_1_600' title='bbox 1494 2937 1602 2976; x_wconf 80' lang='lat' dir='ltr'><em>partic.</em></span> 
     </span>
     <span class='ocr_line' id='line_1_104' title="bbox 891 2980 1604 3027; baseline -0.014 -10"><span class='ocrx_word' id='word_1_601' title='bbox 891 2998 953 3017; x_wconf 76' lang='grc' dir='ltr'><em>και</em></span> <span class='ocrx_word' id='word_1_602' title='bbox 977 2986 1091 3027; x_wconf 83' lang='lat' dir='ltr'><em>soepius</em></span> <span class='ocrx_word' id='word_1_603' title='bbox 1119 2985 1260 3027; x_wconf 85' lang='lat' dir='ltr'><em>repetita,</em></span> <span class='ocrx_word' id='word_1_604' title='bbox 1292 2984 1373 3023; x_wconf 86' lang='lat' dir='ltr'><em>quod</em></span> <span class='ocrx_word' id='word_1_605' title='bbox 1402 2985 1504 3011; x_wconf 83' lang='lat' dir='ltr'><em>nostro</em></span> <span class='ocrx_word' id='word_1_606' title='bbox 1534 2980 1604 3009; x_wconf 88' lang='lat' dir='ltr'><em>loco</em></span> 
     </span>
    </p>
   </div>
  </div>
 </body>
</html>
