1824 3171
137 109 211 147 lviii
573 107 903 147 HIERONYMI
932 108 1133 147 WOLFII

459 273 879 323 LUDOVICUS
918 273 1243 322 CARINUS

618 373 886 403 HIERONYMO
911 372 1084 403 WOLFIO

808 451 840 476 S.
870 451 912 477 D.

196 526 456 562 ABRAHAMO
479 524 870 569 HoEcns'rE'rTEno,
891 523 954 574 qui
973 523 1062 560 mihi
1081 529 1164 560 tuas
1183 522 1310 560 literas
1330 521 1468 567 attulit,
1488 533 1577 559 cum

144 585 192 622 ob
205 598 268 622 eas
285 597 429 631 causas,
443 597 536 636 quas
552 592 594 622 tu
611 597 895 629 commemoras,
912 590 992 621 tum
1011 585 1059 621 ob
1075 591 1177 621 tuam
1196 582 1579 627 commendationem,

143 659 228 695 quae
255 645 455 696 plurimum
479 646 661 684 momenti
693 645 792 696 apud
816 658 877 682 me
904 645 1033 690 habet,
1054 650 1095 681 ut
1120 644 1282 681 hominis
1311 643 1401 680 mihi
1430 655 1577 679 summo

143 718 271 743 amore
306 714 343 743 et
372 706 506 744 iisdem
538 707 669 744 studiis
702 705 1009 755 conjunctissimi,
1042 705 1144 742 nulla
1174 705 1211 742 in
1239 717 1291 749 re,
1312 704 1350 741 in
1371 716 1445 754 qua
1464 714 1582 753 opera

143 779 229 804 mea
254 767 306 803 uti
331 767 445 812 volet,
467 767 595 805 deero.
650 768 714 805 De
741 767 865 804 animo
885 779 972 804 tneo
993 778 1083 816 erga
1101 773 1140 803 te
1161 779 1205 803 ac
1225 765 1421 802 voluntate
1440 764 1520 801 scio
1539 769 1580 800 te

143 826 196 862 nil
217 827 387 864 dubitare
405 842 414 864 :
443 827 557 864 velim
576 834 703 864 tamen
723 827 811 864 mihi
840 826 1078 864 occasionem
1101 826 1181 863 dari
1210 826 1291 875 ipsa
1318 838 1372 870 re,
1392 823 1521 874 quanti
1541 830 1581 860 te

144 886 294 932 faciam,
316 886 548 925 declarandi.
605 887 719 924 Facio
739 894 864 923 autem
893 885 1054 935 plurimi,
1082 891 1163 921 tum
1182 885 1229 921 ob
1249 884 1471 921 suavitatem
1489 883 1583 920 faci-

143 945 363 996 litatemque
392 945 545 995 ingenii,
576 953 656 982 tum
684 945 896 982 doctrinam
924 944 1165 993 singularem,
1197 956 1310 993 quam
1337 942 1405 980 tibi
1433 942 1582 980 ardenti

146 1006 285 1051 studio,
306 1018 453 1044 summo
481 1006 686 1043 multorum
714 1018 898 1042 annorum
927 1004 1079 1049 sudore,
1093 1007 1245 1053 Jactura
1265 1004 1379 1041 etiam
1397 1003 1585 1041 valetudi-

145 1067 217 1111 nis,
246 1066 439 1117 peperisti.
496 1067 606 1112 Quae,
625 1073 667 1103 ut
685 1078 808 1115 spero,
829 1064 897 1102 tibi
927 1064 1134 1111 fortunam,
1161 1065 1199 1101 in
1224 1065 1297 1102 hoc
1327 1064 1585 1102 annitentibus

146 1125 277 1163 amicis
304 1125 390 1170 tuis,
419 1125 518 1162 inter
537 1138 630 1174 quos
649 1137 710 1162 me
729 1124 842 1162 etiam
870 1124 1059 1161 numerari
1079 1125 1176 1170 volo,
1206 1132 1244 1162 te
1265 1125 1430 1175 dignam,
1453 1132 1492 1163 et
1511 1125 1584 1163 tuis

147 1185 280 1224 studiis
299 1193 439 1237 aptam,
461 1185 596 1236 pariet.
653 1187 740 1228 Qua
760 1185 798 1221 in
817 1197 859 1222 re
877 1185 1016 1222 bonam
1036 1198 1190 1235 operam
1210 1185 1276 1222 tibi
1296 1198 1487 1231 navarem,
1515 1185 1584 1223 nisi

147 1248 231 1285 haec
250 1254 424 1298 tempora
443 1246 581 1297 iniqua,
604 1259 689 1297 quae
718 1259 849 1284 omnes
870 1246 1007 1283 doctos
1027 1246 1128 1296 apud
1147 1259 1216 1283 nos
1235 1253 1418 1297 premunt,
1439 1259 1501 1284 me
1521 1247 1586 1284 im-

147 1309 339 1360 pedirent.
395 1309 492 1350 Quae
517 1308 547 1346 si
576 1307 772 1345 immutata
801 1307 953 1352 fuerint,
975 1307 1079 1357 quod
1110 1307 1261 1357 quidem
1287 1307 1367 1345 fore
1396 1321 1517 1358 sper0,
1547 1315 1586 1346 et

148 1370 258 1407 Deus
278 1369 369 1406 mihi
394 1369 558 1406 reditum
577 1368 613 1405 in
636 1368 882 1406 Germaniam
915 1367 1137 1412 confecerit,
1173 1367 1314 1405 nullam
1347 1368 1587 1406 occasionem

147 1430 203 1468 tui
227 1430 384 1479 juvandi
411 1429 627 1480 praeterlabi
658 1429 790 1467 sinam.
845 1428 1015 1474 Interim,
1045 1428 1095 1465 mi
1114 1428 1243 1474 Wolfi,
1263 1435 1302 1465 te
1328 1441 1396 1478 spe
1424 1429 1589 1466 melioris

149 1491 314 1528 fortunae
334 1497 525 1528 sustenta:
548 1503 632 1540 quae
649 1502 722 1540 quo
739 1489 895 1535 tardior,
912 1502 957 1526 eo
976 1488 1208 1540 splendidior
1226 1501 1270 1527 ac
1288 1489 1426 1526 lautior
1454 1489 1588 1538 (crede

150 1551 257 1601 mihi)
277 1550 346 1588 tibi
366 1550 573 1600 continget,
596 1557 635 1588 et
654 1557 692 1587 te
713 1549 778 1587 ubi
799 1549 916 1587 semel
944 1551 1143 1600 complexa
1161 1549 1287 1596 fuerit,
1302 1562 1348 1587 ac
1363 1549 1494 1588 fovere
1511 1563 1589 1588 coe-

150 1612 262 1663 perit,
279 1612 378 1649 inter
394 1612 550 1650 Crassos
570 1624 615 1649 ac
632 1611 798 1648 Senecas
820 1611 1045 1650 collocabit:
1067 1610 1142 1648 hoc
1159 1617 1228 1656 est,
1245 1611 1357 1661 plane
1376 1619 1415 1648 te
1434 1612 1590 1649 beatum

151 1672 280 1710 faciet.
336 1672 478 1711 Uterer
509 1671 569 1709 hic
600 1671 782 1722 exemplis
815 1670 1121 1710 doctissimorum
1155 1671 1332 1717 virorum,
1363 1684 1520 1722 quorum
1550 1679 1593 1709 tu

151 1732 280 1769 similis
306 1745 360 1778 es,
380 1732 436 1769 tui
456 1732 704 1770 confirmandi
725 1745 854 1778 causa,
875 1745 969 1783 quos
988 1745 1072 1769 sero
1092 1731 1256 1782 quidem,
1279 1733 1347 1769 sed
1377 1740 1506 1770 tamen
1534 1746 1591 1770 re-

152 1793 278 1843 spexit
295 1793 464 1837 tandem,
482 1794 577 1831 hera
595 1793 660 1830 illa
678 1792 877 1843 imperiosa
895 1807 904 1831 :
935 1805 1021 1843 quae
1040 1792 1132 1837 sola,
1155 1799 1196 1829 ut
1215 1792 1335 1843 inquit
1354 1792 1430 1838 ille,
1447 1800 1588 1830 utram-

153 1866 229 1904 que
248 1853 426 1904 paginam
445 1853 562 1891 facit:
591 1853 661 1890 nisi
689 1866 819 1890 eorum
842 1852 1006 1890 fortunae
1035 1852 1162 1903 imago
1182 1853 1306 1890 animo
1326 1860 1393 1890 tuo
1411 1853 1592 1904 impressa

153 1914 348 1951 insideret.
403 1914 468 1951 De
481 1914 745 1952 Demosthene
764 1920 828 1950 tuo
848 1913 936 1949 mihi
952 1914 1098 1950 muneri
1118 1914 1232 1951 misso
1251 1922 1290 1951 te
1308 1914 1466 1951 multum
1487 1927 1592 1952 amo:

153 1987 268 2023 quem
287 1974 339 2011 ita
357 1987 379 2011 a
397 1980 437 2011 te
457 1986 682 2011 conversum
702 1985 785 2010 esse
805 1974 995 2022 conjecto,
1015 1980 1057 2010 ut
1076 1986 1162 2010 eum
1183 1973 1334 2011 minime
1361 1974 1492 2011 relicto
1510 1975 1592 2024 pal-

153 2033 204 2071 lio
232 2041 331 2084 togae
359 2034 506 2084 pudere
534 2033 704 2070 arbitrer.
761 2033 866 2071 Huic
894 2034 1119 2078 evolvendo,
1141 2034 1318 2084 quicquid
1346 2036 1524 2086 temporis
1543 2049 1593 2074 ex

154 2093 248 2131 meis
266 2093 578 2144 occupationibus
598 2093 742 2144 eripere
762 2100 910 2144 potero,
931 2094 1159 2144 impendam.
1215 2096 1323 2140 Vale,
1344 2096 1393 2132 mi
1408 2096 1538 2145 Wolfi,
1554 2104 1593 2134 et

156 2154 223 2191 tibi
252 2154 454 2204 persuade,
483 2153 575 2189 nihil
606 2166 703 2200 esse,
733 2155 836 2202 quod
867 2167 941 2191 non
968 2167 1076 2203 aeque
1109 2155 1269 2191 libenter
1297 2167 1366 2205 pro
1385 2163 1436 2200 te,
1456 2169 1502 2194 ac
1521 2170 1591 2208 pro

157 2226 219 2251 me
236 2214 328 2266 ipso,
348 2213 447 2250 omni
466 2220 636 2265 tempore
658 2213 726 2250 sim
745 2213 924 2252 facturus.
980 2214 1043 2251 Ex
1064 2214 1244 2261 Pictavio,
1265 2215 1394 2254 Idibus
1412 2218 1591 2267 Augusti.

161 2276 278 2313 Anno
300 2278 414 2314 1550.

443 2449 942 2499 HIERONYMUS
984 2451 1310 2499 WOLFIUS

636 2549 675 2578 D.
701 2549 922 2579 LUDOVICO
945 2550 1105 2579 CARINO

792 2620 825 2644 S.
856 2619 892 2643 P.
922 2619 965 2644 D.

213 2693 303 2732 Tor
323 2701 477 2745 tamque
508 2694 669 2732 illustres
696 2693 975 2731 benevolentiae
1005 2693 1203 2743 singularis
1222 2694 1259 2730 in
1277 2707 1337 2731 me
1357 2702 1433 2731 tuae
1452 2697 1593 2746 signifi-

159 2754 342 2800 cationes,
365 2754 569 2792 clarissime
588 2754 656 2800 vir,
672 2754 760 2791 mihi
777 2754 999 2804 gratissimae
1019 2762 1128 2792 sunt:
1157 2755 1433 2793 consolationes
1452 2764 1593 2803 autem,

160 2813 296 2865 quibus
311 2817 503 2865 jacentem
522 2828 650 2854 meum
669 2814 834 2853 animum
855 2814 1000 2864 erIgere
1032 2815 1151 2866 cupis,
1170 2815 1227 2852 διὰ
1247 2818 1310 2858 τὰς
1339 2818 1480 2866 συχνὰς
1508 2818 1594 2856 α’τυ-
