1924 3288
295 175 396 224 138
696 179 1338 223 ΔΗΜΟΣΘΕΝΟΥΣ

218 311 268 348 ’72
285 293 399 364 υμᾶς
437 317 521 345 των
559 317 598 345 εν
638 292 814 361 Ευβοίᾳ.
857 292 1142 384 πραγμάτων
1179 317 1519 364 ταραττομενων
1561 296 1742 356 βοηθεῖν

287 367 576 460 Πλουτάρχῳ
597 391 676 419 και
707 367 901 437 πολεμον
935 365 1093 433 ἄδοξον
1123 392 1201 420 και
1237 365 1483 462 doen-aunem
1509 367 1740 435 ἅρασθαι,

285 465 463 510 πρωτος
498 439 576 493 καὶ
606 466 730 511 μονος
763 440 1006 515 παρελθων
1034 443 1252 494 οἱντεΐτσον
1287 467 1366 494 και
1405 444 1530 512 μόνον
1570 442 1618 494 ου’
1657 440 1740 494 Σιε-

285 515 544 577 πτοία-θην
520 539 605 567 υπο
626 540 710 566 των
731 515 804 567 ἔπι
829 524 995 605 μικροῖς
1020 515 1231 585 λήμμασι
1258 516 1419 568 πολλα.
1443 541 1523 568 και
1547 515 1742 586 μεγαλα

283 589 401 660 υμᾶς
433 588 703 682 vilicae-ravam
729 612 1000 641 πεισοιντων.
1033 612 1110 641 και
1136 589 1289 657 χρόνου
1314 590 1511 658 βραχεος
1545 589 1742 643 citez-‘5012-

285 688 360 723 τος
391 687 516 734 μετα
553 687 629 715 του
668 662 942 750 προσ-ὄφλειν
977 661 1194 730 αἶσχύνην
1229 688 1307 715 και
1344 666 1509 716 παθεῖν
1546 688 1618 716 οια
1655 669 1739 717 τίὖν

283 735 413 789 ὄντων
437 734 679 805 ἁνθρωπων
706 735 862 796 ουὸενες
896 739 1089 790 πώποτε
1125 736 1417 790 τιτεπονῧασιν
1456 762 1542 790 υπο
1578 762 1739 804 τουτων

284 835 346 869 οις
386 810 654 873 εζοῆθησοιν,
695 810 866 871 πάντες
905 835 1025 881 υμεις
1060 809 1222 877 ἔγνωτε
1257 812 1332 874 τήν
1374 836 1423 864 τε
1465 836 1551 864 των
1587 836 1741 865 ταυτα

215 905 266 945 73
284 883 529 938 πεισάντων
554 909 722 939 κακιαν
749 910 828 938 και
852 911 926 938 τον
952 910 1014 938 τοι
1043 887 1277 947 βελτιστα
1302 885 1506 977 εἶξηκοτα
1533 885 1624 957 ἔμε.
1648 886 1741 939 ποί-

282 974 350 1012 λιν
382 984 539 1024 τοινυν,
567 960 603 1012 ὠ
635 959 779 1029 ἀνδρες
805 961 1046 1023 Αθηναιοι,
1080 959 1273 1013 κατιδων
1309 960 1630 1030 Νεοπτολεμον
1664 985 1741 1014 τον

281 1034 516 1110 υποκξιτῆν
543 1035 608 1103 τῷ
636 1059 714 1105 μεν
741 1036 818 1097 τῆς
853 1037 1015 1102 τέχνης
1050 1035 1350 1110 προσχήματι
1386 1034 1659 1102 τυγχανσντ’
1684 1037 1741 1087 οἷ-

323 1168 383 1196 Τῶν
397 1164 422 1197 ἐν
437 1165 538 1205 Εὐβοίᾳ
553 1165 743 1206 πραγμάτων
757 1165 991 1207 ταςαττομὲνων]
1071 1165 1278 1207 Aramis-erm]
1302 1166 1338 1196 In
1353 1166 1533 1196 Aristocrat.
1551 1169 1623 1197 806.
1643 1169 1672 1196 Ξ.
1690 1167 1740 1196 ed.

285 1209 362 1239 Vide
374 1210 620 1244 τοὺς-ἀντιπάλους
635 1209 731 1247 λόγους
743 1209 781 1238 de
798 1210 992 1249 expeditione
1027 1210 1066 1238 R.
1093 1209 1175 1238 haec:
1208 1208 1386 1248 λοιδορεῖσθαι
1412 1210 1460 1239 καὶ
1485 1208 1667 1250 μέμφεσθαι
1691 1209 1740 1239 καὶ

282 1252 512 1282 Atheniensium
530 1252 560 1281 in
577 1253 736 1282 Euboeam.
759 1252 880 1282 VVoLF.
913 1253 992 1282 Inci-
1026 1251 1222 1281 διασπᾶσὲαι.
1247 1253 1352 1282 IDEM.

281 1294 357 1324 dunt
371 1296 417 1324 hae
433 1295 639 1325 dissensiones
651 1295 869 1324 Euboeensium
886 1300 916 1325 et
930 1300 992 1324 tnr-
1069 1294 1251 1334 Προσόφλειν]
1281 1295 1359 1325 Cod.
1386 1296 1505 1334 Obsop.
1529 1293 1735 1335 προσοφείλειν.

280 1337 327 1367 bae
342 1337 372 1367 in
395 1338 519 1376 Olymp.
538 1339 604 1372 CV,
626 1339 656 1367 3.
673 1348 702 1367 v.
719 1338 884 1367 Diod.Sic.
897 1338 989 1368 XVI.

280 1382 311 1410 7.
329 1379 433 1419 ibique
451 1380 589 1411 VVessel.
606 1391 635 1419 p.
654 1382 705 1410 87.
731 1381 780 1419 qui
804 1381 864 1410 alia
888 1381 991 1411 laudat

279 1423 358 1458 loca,
371 1423 481 1462 quibus
499 1423 658 1453 Demosth.
677 1423 823 1453 auxilium
837 1424 899 1453 illis
917 1423 989 1453 mis-

280 1475 346 1495 sum
363 1471 521 1496 memorat.
545 1467 649 1496 Bncx.
696 1467 890 1502 Plutarchus,
913 1467 990 1496 Ere-

278 1508 345 1537 triae
356 1512 626 1547 tyrannus,contra
637 1508 824 1538 Clitarchum
840 1509 988 1539 auxilium

277 1551 508 1581 Atheniensium
532 1551 770 1590 imploraverat:
804 1553 988 1582 adversaba-

278 1598 328 1623 tur
367 1594 604 1630 Demosthenes,
639 1598 802 1633 corruptus
832 1605 849 1624 a
879 1595 987 1632 Callia,

237 1629 243 1639 ¹
277 1636 484 1673 Chalcidensi,
507 1641 633 1666 auctore
656 1637 815 1672 AEsehine,
845 1637 984 1677 ctesiph.

276 1679 301 1718 §.
313 1678 372 1712 λβ’.
386 1679 459 1719 (nisi
475 1678 613 1708 acerbius
629 1680 688 1711 hoc
704 1680 819 1709 dictum
837 1680 901 1718 sit).
927 1684 987 1710 Au-

276 1722 353 1752 xilia
375 1723 586 1758 mittebantur,
609 1722 688 1752 duce
712 1722 869 1752 Phocione
884 1724 985 1764 (Plut-

275 1764 306 1794 in
324 1764 420 1794 Phoc.
437 1775 463 1794 c.
480 1764 559 1804 13.),
575 1764 626 1803 qui
643 1775 708 1794 rem
732 1765 863 1794 feliciter
880 1766 985 1805 gessit.

277 1806 402 1837 mimo.

319 1849 430 1880 Βοηθεῖν
459 1849 648 1890 Πλουτάρχῳ,
675 1850 750 1890 etc.]
799 1850 984 1880 Plutarchus

274 1893 326 1922 ille
342 1892 473 1922 Eretriae
495 1896 651 1930 tyrannus,
668 1892 795 1933 (nobilis
818 1893 848 1922 in
868 1894 984 1923 Euboea

274 1933 425 1973 civitatis)
442 1940 545 1964 contra
560 1940 687 1964 conatus
702 1936 847 1974 quosdam
866 1936 984 1975 Philip-

274 1978 318 2016 pi,
344 1979 395 2017 qui
419 1978 449 2007 in
476 1978 532 2007 hac
557 1977 656 2007 insula
679 1980 783 2008 turbas
803 1978 983 2017 jamdudum

273 2021 433 2055 excitarat,
462 2019 690 2050 Atheniensium
724 2021 869 2051 auxilium
905 2022 984 2061 peti-

274 2069 348 2094 erat.
384 2063 464 2093 Dein
480 2074 554 2092 vero
567 2064 706 2102 partibus
724 2064 876 2104 Philippi,
893 2070 925 2094 ut
938 2065 985 2094 vi-

273 2107 374 2142 detur,
389 2105 582 2142 conciliatus,
601 2117 682 2136 arma
699 2106 730 2136 in
747 2118 800 2137 eos
818 2108 919 2142 vertit,
933 2108 984 2146 qui

273 2159 363 2187 opem
396 2148 485 2178 laturi
518 2153 674 2179 venerant.
719 2151 761 2179 At
788 2150 848 2180 dux
877 2150 984 2180 horum

275 2191 423 2227 Phocion,
438 2191 494 2220 hac
511 2192 638 2230 perfidia
654 2192 776 2222 minime
790 2193 984 2231 perterritus,

276 2235 462 2264 Macedonas
479 2234 587 2272 praelio
601 2235 729 2270 devicit,
740 2240 770 2265 et
784 2236 983 2266 Plutarchum

277 2277 377 2306 insula
403 2277 504 2315 ejecit.
550 2278 707 2307 Molossus
731 2279 761 2307 in
790 2279 856 2316 ejus
883 2279 984 2308 locum

278 2320 435 2355 suffectus,
452 2324 612 2358 superatus
628 2330 646 2350 a
663 2320 820 2359 Philippo,
833 2325 864 2350 et
876 2326 983 2359 captus

278 2362 345 2392 fuit.
378 2362 417 2391 Et
433 2363 490 2391 sub
505 2362 562 2392 hoc
579 2368 711 2402 tempus,
728 2363 825 2392 insula
842 2364 904 2393 fere
921 2369 984 2394 tota

278 2405 310 2434 in
334 2404 469 2443 Philippi
493 2405 641 2436 ditionem
666 2405 788 2435 videtur
809 2406 984 2437 devenisse.

281 2446 325 2478 Es:
339 2448 408 2476 edit.
433 2449 555 2478 Srocn.

317 2487 428 2527 Ἀδοξον
453 2490 500 2520 καὶ
524 2489 689 2531 δαπανηςόν]
715 2491 793 2520 Nam
809 2501 901 2529 quum
919 2492 982 2521 Eu-

278 2534 419 2563 boeenses
433 2532 672 2570 suspicarentur,
683 2544 718 2563 nc
731 2534 933 2563 Athenienses
943 2535 982 2563 de

278 2575 377 2606 insula
400 2575 565 2613 subigenda
591 2576 772 2614 cogitarent,
801 2577 983 2607 Plutarchus

259 2618 393 2648 *milites
419 2618 528 2646 Athen.
557 2618 586 2646 iu
618 2619 740 2648 vincula
769 2619 901 2658 conjecit
928 2631 984 2650 nec

281 2663 366 2700 prins
383 2659 525 2694 restituit,
540 2669 628 2698 quam
645 2662 922 2700 quinquagenorum
940 2667 984 2691 tu-

282 2705 396 2734 lentum
421 2703 553 2742 pretium
579 2704 762 2741 accepisset.
808 2704 929 2744 Ulpian.
945 2706 983 2734 ad

282 2749 372 2777 Dem.
388 2747 418 2776 iu
442 2745 517 2775 Mid.
533 2747 608 2780 550,
625 2748 675 2776 2³0.
692 2748 741 2775 ed.
760 2747 798 2775 R.
817 2752 847 2776 nt
865 2748 946 2776 l'lut.
964 2748 983 2777 Ι.

280 2792 300 2819 l.
325 2790 455 2819 Videtur
472 2789 528 2817 huc
552 2794 619 2828 post
643 2789 693 2817 Ol.
714 2791 784 2823 105,
806 2792 836 2819 3.
863 2795 892 2819 et
915 2795 984 2820 unte

281 2834 332 2862 01.
349 2835 422 2867 107,
438 2834 481 2866 4.,
503 2831 651 2861 buoches.
673 2832 748 2860 bene
770 2838 920 2867 monente,
942 2834 983 2862 su-

281 2881 362 2906 ctum
379 2885 461 2910 esse,
481 2885 547 2904 nam
569 2873 623 2904 illo
640 2885 715 2902 annu
732 2874 814 2912 prior
831 2876 983 2904 Enboeeu-

281 2919 359 2948 sium
387 2917 498 2947 seditio
520 2917 558 2948 ab
581 2917 814 2948 Atheniensibus
837 2928 985 2957 oppressu

280 2966 355 2991 crat.
380 2959 505 2991 mimo.

1025 1338 1096 1368 Hoc
1114 1348 1184 1367 vero
1201 1338 1281 1377 apud
1298 1338 1421 1368 Atticos
1439 1338 1563 1377 proprie
1586 1338 1624 1367 ad
1650 1338 1736 1368 debi-

1025 1385 1087 1409 tum
1112 1381 1252 1419 pertinet,
1275 1381 1351 1410 illud
1378 1381 1413 1410 ad
1435 1381 1583 1418 judicium
1608 1384 1639 1410 et
1660 1380 1736 1409 mul-

1024 1428 1114 1452 etam.
1138 1424 1172 1452 V.
1190 1423 1298 1462 Intpp.
1324 1423 1490 1462 Phrynichi
1515 1433 1545 1462 p.
1563 1425 1636 1453 208.
1658 1424 1736 1453 Tho.

1024 1467 1108 1503 Mag.
1124 1477 1154 1505 p.
1173 1468 1246 1496 666.
1264 1477 1288 1495 s.
1307 1467 1412 1496 Bzcx.

1065 1508 1261 1548 Νεοπτόλεμον
1282 1508 1327 1538 τὸν
1351 1509 1517 1550 ὑποκριτὴν]
1551 1509 1613 1538 Hic
1629 1513 1659 1538 et
1674 1513 1736 1538 tra·

1023 1552 1190 1589 goediarum
1215 1551 1346 1590 scriptor
1372 1552 1483 1581 nobilis
1506 1551 1581 1589 fuit3
1605 1551 1663 1580 etsi
1680 1561 1736 1590 ap-

1021 1594 1188 1631 pellatione
1210 1595 1308 1623 minus
1328 1594 1494 1623 honorifica
1509 1604 1576 1623 eum
1593 1594 1734 1633 designet

1022 1637 1143 1666 Orator.
1188 1637 1272 1673 Quin
1289 1641 1319 1666 et
1335 1636 1497 1667 histriones
1519 1646 1636 1666 summa
1651 1637 1733 1676 apud

1022 1679 1150 1708 Graecos
1179 1679 1276 1717 gratia
1303 1679 1398 1714 fuere,
1428 1684 1459 1708 et
1487 1679 1525 1708 ad
1553 1678 1732 1718 reipublicae

1020 1722 1121 1751 munia
1134 1722 1304 1760 saepissime
1315 1722 1464 1761 provecti.
1498 1721 1559 1752 Hic
1573 1722 1638 1761 ipse
1650 1723 1732 1751 Neo-

1020 1764 1174 1802 ptolemus
1189 1776 1206 1793 e
1222 1764 1327 1793 decem
1352 1764 1462 1802 legatis
1480 1769 1557 1799 erat,
1575 1765 1612 1793 ad
1629 1765 1730 1794 foedus

1019 1816 1088 1835 curn
1107 1807 1250 1846 Philippo
1267 1807 1438 1836 faciendum
1454 1807 1565 1837 missis.
1598 1806 1643 1837 Ex
1660 1808 1731 1837 edit.

1019 1849 1138 1879 STocn.

1060 1891 1269 1932 Νεοπτόλεμον]
1294 1892 1531 1933 Neoptolemus,
1552 1902 1641 1931 quem
1665 1892 1730 1922 No-

1020 1938 1083 1964 ster
1100 1940 1130 1964 et
1146 1936 1217 1964 alibi
1233 1936 1280 1975 (d.
1298 1936 1318 1964 s.
1332 1935 1390 1974 leg.
1407 1937 1482 1970 342,
1501 1939 1528 1964 l.
1544 1936 1594 1965 ed.
1614 1934 1669 1975 R.)
1685 1935 1731 1964 in·

1020 1982 1066 2006 ter
1078 1978 1250 2017 proditores
1264 1984 1410 2013 numerat,
1421 1978 1543 2008 celeber
1556 1988 1618 2007 suae
1629 1977 1731 2008 aetatis

1020 2020 1077 2049 fuit
1100 2021 1210 2050 histrio
1231 2021 1341 2062 (Diod.
1357 2022 1387 2051 S.
1410 2021 1505 2051 XVI.
1522 2020 1592 2060 92.)
1615 2026 1645 2051 et
1672 2021 1730 2051 sub

1010 2068 1162 2100 ,praetextu
1182 2073 1240 2093 suae
1265 2065 1339 2094 artis
1361 2063 1588 2106 (προσχήματι)
1608 2063 1629 2093 i.
1647 2074 1674 2093 e.
1699 2064 1731 2093 in

1021 2116 1112 2135 scena
1126 2108 1244 2145 impune
1262 2107 1435 2146 Philippum
1452 2107 1662 2136 commendare
1674 2117 1730 2145 po·

1021 2149 1090 2178 tuit.
1135 2151 1205 2180 Non
1232 2150 1311 2179 enim
1336 2160 1406 2179 cum
1429 2150 1575 2180 Jacobsio
1604 2150 1730 2191 (Attika

1021 2202 1052 2231 p.
1076 2194 1148 2223 314.
1174 2193 1222 2222 ed.
1242 2192 1290 2231 1.)
1311 2193 1350 2222 de
1374 2192 1495 2227 itinere,
1518 2192 1601 2231 quod
1625 2202 1729 2222 susce-

1021 2235 1104 2273 perit
1129 2235 1248 2271 histrio,
1270 2236 1349 2264 hunc
1385 2235 1485 2265 locum
1513 2235 1728 2265 intellexerim.

1023 2276 1147 2308 Riime.

1062 2323 1118 2353 Τῆς
1133 2319 1250 2360 τέχνης]
1275 2320 1450 2350 Accedebat
1464 2319 1586 2358 impune
1601 2322 1638 2351 ad
1657 2321 1729 2351 Phi-

1019 2362 1149 2402 lippum,
1175 2368 1206 2392 ut
1229 2363 1347 2397 histrio,
1370 2362 1510 2400 proditor
1531 2373 1598 2393 cum
1625 2369 1728 2394 esset:

1019 2415 1054 2435 ac
1069 2406 1111 2434 ibi
1127 2406 1267 2440 edoctus,
1282 2405 1355 2444 quid
1372 2406 1451 2434 sacto
1467 2411 1549 2435 esset
1570 2416 1659 2445 opus,
1676 2418 1729 2436 cu-

1018 2449 1104 2477 rabat
1127 2459 1182 2487 per
1206 2455 1341 2478 oratores
1364 2455 1454 2486 atque
1477 2449 1566 2484 ulios,
1583 2454 1617 2478 ut
1633 2450 1729 2478 Athe-

1018 2491 1140 2521 nienses
1163 2491 1291 2520 consilia
1312 2496 1521 2530 sequerentur,
1538 2497 1596 2521 tam
1613 2501 1675 2521 suae
1693 2491 1729 2520 li-

1020 2535 1130 2564 bertati
1158 2534 1343 2573 perniciosa,
1367 2544 1455 2573 quam
1483 2544 1573 2571 reguo
1593 2533 1726 2574 Philippi

1019 2577 1231 2615 amplificando
1253 2581 1434 2615 opportuna.
1481 2577 1601 2612 Quanta
1627 2582 1727 2606 autem

1019 2619 1047 2648 in
1066 2620 1162 2659 gratia
1180 2619 1316 2658 Philippi
1335 2619 1498 2648 histriones
1516 2624 1544 2648 et
1561 2625 1658 2656 poetae
1681 2620 1727 2649 su-

1019 2661 1107 2697 erint,
1130 2672 1146 2690 e
1172 2663 1305 2691 secunda
1329 2661 1456 2701 (prima)
1481 2661 1672 2700 Olyntliiucu,
1698 2669 1729 2693 et

1019 2705 1100 2734 falsae
1117 2704 1279 2740 legationis
1292 2705 1426 2733 oratione
1443 2710 1579 2742 apparet.
1613 2705 1672 2734 l’ro
1688 2708 1728 2736 τὰ

1018 2746 1084 2786 παρ’
1100 2748 1175 2785 ὑμῖν.
1198 2747 1298 2776 malim
1315 2748 1354 2774 τὰ
1370 2745 1436 2784 παρ’
1453 2747 1539 2783 ὑμῶν,
1557 2757 1727 2785 quanquam

1019 2800 1122 2829 purum
1146 2790 1280 2818 interest.
1314 2788 1431 2819 Womu
1489 2790 1596 2828 Neque
1628 2792 1726 2821 male:

1018 2843 1084 2871 qum
1100 2842 1117 2860 α
1136 2833 1207 2861 robis
1223 2832 1438 2863 decernuntur,
1455 2833 1606 2862 corn-ertit
1628 2833 1680 2863 ille
1697 2834 1727 2863 in

1019 2875 1178 2903 counnodu
1206 2874 1352 2912 l'liilippi,
1379 2874 1536 2912 vobisque,
1558 2881 1590 2903 ut
1617 2875 1660 2905 illi
1685 2877 1728 2906 fu-

1020 2917 1125 2951 vcutis,
1142 2923 1245 2945 ‹uu‘tor
1268 2922 1326 2945 est.
1374 2917 1524 2955 llarpocr.
1542 2923 1572 2947 et
1590 2919 1728 2957 Hesych.

1020 2971 1043 2989 s.
1062 2960 1275 2999 πρυτινὲυοντα.
1325 2960 1438 2989 Noster
1453 2961 1483 2990 d.
1505 2960 1602 2990 lthod.
1618 2961 1687 2992 laib-
1697 2971 1728 3000 p.
