1824 3171
206 183 253 207 ce
666 171 874 210 REISKII
907 171 1202 211 PRAEFA'HO

733 393 902 435 SECT.
936 393 1130 434 XXVI.

713 505 774 543 De
791 506 963 543 indicibus
981 506 1142 554 aliisque.

261 612 488 650 Inmemus
508 611 704 658 instruam,
731 626 755 650 a
781 626 843 651 me
863 614 1069 659 confectis,
1091 613 1139 652 ad
1167 615 1326 665 paginas
1355 615 1530 653 editionis
1554 628 1655 653 meae

207 673 515 718 accommodatis,
545 681 584 711 et
614 674 928 720 Demosthenem,
961 682 999 713 et
1026 677 1108 725 ejus
1138 675 1302 721 sodales,
1334 676 1532 721 historicis,
1561 688 1656 725 geo-

209 733 409 782 graphicis,
439 733 579 784 legum,
613 735 886 772 vocabulorum
921 743 960 773 et
993 736 1213 781 dictionum,
1245 749 1318 774 nec
1348 749 1425 773 non
1455 736 1655 782 rariorum,

209 794 346 844 cuique
389 795 623 845 propriarum
665 797 913 834 locutionum.
968 798 1246 836 Demosthenis
1292 799 1438 837 indices
1474 799 1654 836 volumen

206 867 324 891 unum
346 863 562 906 separatum
591 857 815 907 implebunt.
871 859 918 896 In
941 858 1108 909 reliquos
1128 868 1298 898 oratores
1316 874 1411 911 quos
1431 860 1578 898 confeci
1596 860 1653 896 in-

207 916 324 960 dices,
354 916 391 952 hi
411 916 488 954 suis
514 918 655 968 quique
674 919 871 956 autoribus
894 919 1157 968 subjicientur.
1215 922 1281 958 Ad
1299 922 1463 971 reliquos
1483 928 1656 958 oratores

208 990 295 1027 quae
316 973 404 1013 mihi
418 985 550 1028 parata
568 979 642 1016 sint
656 980 823 1017 subsidia
839 980 984 1025 critica,
1006 981 1042 1018 in
1060 982 1284 1032 praefatione
1301 982 1350 1019 ad
1367 995 1433 1019 eos
1448 994 1653 1032 exponam.

207 1037 399 1075 Volumen
437 1041 647 1077 secundum
686 1041 977 1087 Demosthenis,
1017 1043 1119 1093 quod
1161 1050 1249 1080 ante
1289 1043 1430 1080 exitum
1467 1042 1653 1087 autumni,

206 1112 319 1150 quem
337 1100 550 1150 proximum
572 1110 852 1152 exspectamus,
874 1116 895 1140 e
923 1104 1041 1154 praelo
1069 1104 1309 1154 proditurum
1337 1104 1522 1154 spondeo,
1548 1116 1654 1141 com-

205 1161 398 1212 plectetur
417 1162 628 1200 orationum
645 1164 805 1201 classem
819 1171 1003 1214 quartam,
1020 1172 1131 1215 prout
1143 1164 1306 1201 VVolfius
1324 1165 1459 1210 divisit,
1473 1164 1509 1201 in
1527 1163 1655 1201 causis

205 1223 362 1273 privatis
393 1224 594 1274 plerasque
622 1231 830 1263 versantes,
865 1225 1115 1275 subjicientur
1147 1225 1218 1263 illis
1252 1226 1288 1274 1)
1323 1225 1582 1263 dedicationes
1614 1233 1656 1263 et

206 1284 450 1334 praefationes
470 1285 678 1322 editionum
697 1287 934 1336 superiorum
957 1287 1228 1324 Demosthenis
1242 1287 1424 1331 omnium,
1438 1287 1476 1323 h.
1491 1299 1524 1325 e.
1546 1286 1653 1331 Aldi,

208 1347 404 1392 Feliciani‚
426 1347 533 1384 Pauli
557 1348 733 1393 Manutii,
755 1348 897 1394 Wolfii,
918 1349 1108 1394 Lambini,
1129 1348 1298 1399 Taylori.
1319 1352 1360 1396 2)
1380 1348 1532 1386 collatio
1547 1347 1655 1398 pagi-

205 1421 341 1445 narum
367 1409 593 1445 nobiliorum
623 1410 833 1447 editionum
853 1411 1126 1448 Demosthenis
1148 1410 1303 1447 Aldinae
1322 1417 1427 1460 puta,
1449 1409 1654 1446 XVolfianae

207 1471 450 1514 Basileensis‚
490 1470 694 1508 Wolfianae
732 1472 1031 1516 Francfurtanae,
1076 1479 1116 1509 et
1153 1470 1347 1517 Parisinae,
1386 1484 1474 1508 cum
1510 1474 1655 1506 nostra.

207 1531 497 1570 Commentariis
518 1532 649 1569 Wolfii
676 1532 874 1583 praefigam
896 1532 1178 1582 Biographiam‚
1198 1545 1267 1570 seu
1296 1531 1574 1582 expositionem
1604 1531 1654 1568 de

204 1592 363 1630 fortunis
381 1596 474 1641 ejus,
494 1593 684 1644 rebusque
704 1595 751 1631 ab
773 1607 819 1631 eo
848 1594 886 1630 in
913 1593 1031 1631 literis
1060 1594 1195 1643 gestis,
1218 1595 1264 1631 ab
1286 1593 1369 1643 ipso
1389 1593 1545 1643 copiose
1564 1604 1656 1629 con-

204 1655 405 1704 scriptam;
433 1655 472 1691 in
492 1668 565 1705 qua
589 1655 711 1692 multa
737 1655 834 1692 scita
852 1662 940 1692 sunt
959 1655 1009 1692 ad
1028 1655 1162 1692 melius
1179 1654 1490 1705 cognoscendam
1509 1653 1656 1690 littera-

205 1728 288 1752 rum
310 1715 582 1760 conditionem,
604 1729 689 1765 quae
709 1716 774 1753 illo
795 1723 876 1753 erat
896 1715 1050 1761 saeculo,
1067 1715 1172 1765 quod
1188 1715 1372 1752 VVolfium
1392 1714 1488 1752 tulit.
1545 1714 1659 1751 Nun-

206 1790 320 1827 quam
347 1777 475 1814 lucem
495 1776 589 1813 vidit
615 1777 838 1826 opusculum
857 1777 947 1822 hoc,
967 1790 1042 1826 qua
1061 1777 1323 1826 dignissimum
1343 1783 1438 1813 erat.
1495 1775 1655 1825 Copiam

209 1841 289 1884 ejus
319 1836 408 1873 mihi
427 1837 521 1874 fecit
549 1837 713 1874 Iacobus
735 1837 968 1883 Bruckerus,
989 1837 1037 1874 V.
1069 1838 1115 1875 C.
1147 1839 1257 1887 cujus
1288 1836 1481 1886 egregiam
1502 1848 1658 1885 operam

204 1898 397 1948 fidemque
421 1898 460 1934 in
480 1898 652 1935 ornando
672 1898 936 1935 Demosthene
955 1911 1042 1936 meo
1062 1898 1153 1935 mihi
1181 1899 1429 1948 approbatam
1450 1897 1538 1935 satis
1557 1910 1656 1946 prae-

207 1959 334 1996 dicare
365 1959 490 1996 verbis
518 1972 596 1996 non
626 1972 794 2009 possum.
852 1959 1008 2010 Taylori
1035 1959 1335 2003 demosthenica,
1367 1965 1406 1995 et
1438 1970 1522 2007 quae
1552 1957 1657 1995 edita

207 2028 296 2057 sunt
329 2020 376 2057 ab
410 2019 492 2070 ipso
520 2020 644 2057 adhuc
672 2021 888 2071 superstite,
911 2029 950 2057 et
977 2033 1062 2070 quae
1091 2021 1128 2056 in
1158 2020 1379 2058 adversariis
1409 2019 1556 2063 relicta,
1590 2019 1659 2056 ubi

207 2090 344 2119 nactus
363 2095 429 2119 ero
455 2082 502 2118 ab
530 2081 707 2119 Askewio
728 2083 776 2119 V.
798 2083 844 2120 C.
865 2082 1023 2120 reddam
1053 2082 1190 2119 omnia.
1248 2081 1417 2119 Materia
1438 2080 1570 2119 critica
1587 2092 1657 2131 pe-

187 2182 191 2185 ,
209 2143 340 2181 culiari
361 2143 552 2180 volumine
573 2143 678 2180 dabit
707 2143 930 2181 collationes
960 2143 1140 2180 librorum
1161 2143 1432 2181 Demosthenis
1451 2149 1490 2179 et
1509 2142 1659 2179 calamo

209 2210 459 2248 exaratorum,
483 2210 522 2240 et
550 2204 651 2254 typis
679 2204 798 2241 aeneis
827 2217 1070 2242 excusorum.
1129 2203 1399 2242 Commentarii
1433 2203 1505 2239 mei
1540 2215 1660 2252 pecu-

208 2264 301 2301 liare
321 2264 411 2301 item
432 2264 612 2302 volumen
631 2264 856 2315 implebunt.
906 2265 1006 2302 Haec
1027 2272 1084 2302 est
1104 2264 1310 2316 descriptio
1331 2264 1404 2302 mei
1421 2263 1560 2315 operis,

721 2485 889 2527 sEcT.
923 2475 1146 2528 xxvrrl

687 2601 918 2638 Accessiones
934 2601 1177 2652 prajsittionz's.

266 2717 477 2754 FAcnnnM
504 2717 566 2753 hic
594 2719 776 2767 praefandi
806 2719 934 2763 finem,
957 2719 1027 2756 nisi
1048 2719 1338 2756 intervenissent
1356 2718 1547 2762 nonnulla,
1570 2731 1659 2768 quae

214 2793 275 2816 me
294 2792 402 2828 paene
421 2780 614 2827 fugerant,
634 2780 682 2816 de
703 2781 839 2829 quibus
866 2787 993 2817 tamen
1020 2780 1218 2817 admoneri
1244 2780 1408 2817 lectores
1434 2792 1553 2822 meos,
1574 2779 1659 2816 dili·

214 2840 440 2890 gentiusquc
461 2840 592 2877 doceri
622 2853 687 2890 par
714 2853 796 2878 esse
819 2841 965 2888 judico.
1021 2841 1227 2878 Debebant
1245 2841 1398 2890 quidem
1429 2840 1553 2877 onmia
1581 2839 1658 2876 suis

211 2902 305 2940 locis
326 2902 459 2940 ordine
480 2908 655 2940 enarrata
672 2901 802 2941 fuisse.
839 2902 916 2940 Sed
932 2901 1194 2951 praefationem
1214 2901 1313 2940 hanc
1333 2914 1408 2939 non
1429 2907 1659 2939 maturatam
