1824 3171
154 115 192 156 iv
551 116 868 159 PRAEFATIO
903 117 1205 160 EDITORIS.

152 253 244 284 rem
279 239 424 301 gessi;
463 248 531 286 cst
563 249 717 287 autem
752 242 961 289 adhibita
991 244 1036 288 in
1070 260 1124 288 ea
1153 259 1199 288 rc
1230 243 1330 304 ipsa
1361 255 1542 286 summa
1577 257 1604 286 a

150 335 222 366 me
254 320 536 377 moderatio;
582 339 851 385 quanquam
886 323 1123 370 fatendum
1162 325 1207 369 in
1239 322 1471 369 Suasoriis
1503 339 1604 369 esse

149 410 303 449 actum
329 403 470 465 paulo
495 403 701 450 liberius.
774 404 933 451 Unum
957 405 1107 451 obiter
1130 405 1402 462 notandum,
1433 421 1603 467 nempe

147 482 336 546 Taylori
369 485 631 532 socordiam
662 488 709 532 in
739 487 1042 550 expurgando
1074 495 1203 533 textu
1226 486 1462 533 Wolfiano
1489 486 1602 532 Rei-

149 566 316 624 skium,
343 566 652 631 Anglicorum
684 570 950 616 criticorum
985 585 1173 632 prorsus
1205 570 1413 615 omnium
1446 585 1600 615 acrem

147 650 517 713 vituperatorem,
553 652 659 713 jure
700 653 1016 714 increpuisse;
1065 659 1110 697 ct
1149 651 1208 697 de
1249 651 1599 707 subtilitatibus,

148 740 380 794 quotquot
416 741 677 790 occurrunt,
715 735 1030 796 grammaticis
1067 750 1285 797 novaque
1317 750 1401 779 sua
1435 749 1600 779 accen-

146 813 459 861 tiuncularum
484 816 661 862 ratione
683 832 758 862 me
783 816 902 863 velle
927 816 1104 863 adeatis
1134 817 1287 878 ipsum
1315 815 1595 862 Bekkerum.

146 895 315 943 Textui
355 914 490 959 porro
531 898 709 960 ubique
755 902 969 963 apposita
1015 908 1083 946 est
1121 899 1282 947 Lectio
1325 899 1594 946 Reiskiana.

144 978 274 1043 Ergo
298 979 385 1027 hoc
411 982 626 1044 primum.

210 1062 432 1126 Sequitur
456 1064 586 1122 illud,
618 1073 670 1111 ut
694 1065 752 1112 de
778 1065 1143 1113 Annotationum
1170 1068 1287 1113 serie
1312 1083 1596 1114 commemo-

142 1162 249 1192 rem.
323 1145 532 1192 Primum
566 1148 723 1210 igitur,
754 1148 969 1194 omnibus
1000 1151 1191 1196 omnino
1225 1147 1376 1206 Notis,
1407 1165 1522 1212 quas
1547 1149 1595 1194 in

145 1227 364 1275 Editione
410 1247 496 1277 sua
537 1231 757 1279 Reiskius
798 1233 877 1280 hic
917 1233 1013 1281 illic
1054 1234 1264 1296 protulit,
1307 1250 1417 1280 usus
1459 1247 1592 1286 sum3

139 1311 326 1369 deinde,
386 1331 502 1375 quas
561 1317 873 1377 praestiterunt
932 1318 1226 1375 recentiores,
1290 1316 1591 1370 commiscui;

138 1402 371 1456 postremo
406 1395 625 1454 Petitum,
664 1398 939 1456 Heraldum,
979 1400 1275 1457 Salmasium,
1319 1399 1592 1463 philologos

139 1474 268 1534 alios,
324 1477 427 1524 ideo
481 1482 753 1543 perquisivi,
811 1491 862 1529 ut
917 1481 1232 1545 Exceptiones
1292 1481 1590 1545 potissimum

137 1575 386 1621 causaeque
410 1562 602 1623 privatae
627 1564 778 1626 magis
804 1564 990 1611 utibiles
1015 1566 1276 1612 evaderent.
1347 1564 1375 1611 J
1381 1582 1453 1611 am
1479 1580 1589 1610 vero

139 1639 335 1699 Reiskii,
375 1642 437 1689 H.
464 1643 629 1691 Wolfii
664 1646 711 1691 in
746 1645 1078 1708 Olynthiacam
1115 1649 1329 1710 primam,
1373 1647 1588 1701 Dounaei,

137 1720 355 1781 Weiskii‚
397 1724 766 1784 Amersfoordtii,
814 1727 1009 1776 Thomae
1057 1729 1268 1787 Stanleii,
1313 1730 1388 1777 vel
1431 1731 1588 1793 potius

136 1804 165 1851 J
171 1807 303 1852 acobi
324 1807 525 1871 Duporti
546 1808 624 1870 (V.
645 1809 798 1871 infra),
823 1810 1280 1870 Animadversiones,
1307 1831 1413 1860 cum
1438 1822 1591 1860 essent

135 1888 408 1950 prolixiores
441 1908 580 1954 quam
613 1908 720 1954 quae
743 1892 914 1940 Textui
948 1895 1115 1958 subjici
1145 1904 1346 1958 possent,
1381 1913 1587 1943 seorsum

135 1970 321 2019 ederem
349 1990 538 2020 necesse
565 1983 683 2021 erat:
722 1974 796 2022 hae
820 1977 1036 2039 quintum
1063 1977 1285 2025 volumen
1315 1977 1406 2024 sibi
1434 1978 1588 2025 vindi-

132 2063 252 2101 cant.

203 2136 391 2185 Deinde
429 2138 641 2186 Scholia:
688 2158 885 2203 quorum
921 2142 1013 2189 alia
1045 2144 1131 2189 sub
1169 2145 1356 2190 nomine
1394 2144 1587 2208 Ulpiani

134 2220 442 2277 venditantur,
476 2221 569 2268 alia
599 2239 789 2285 prorsus
814 2240 1044 2287 anonyma
1067 2234 1188 2272 sunt.
1259 2226 1315 2272 In
1342 2226 1586 2291 Ulpianeis

134 2300 195 2347 H.
216 2300 441 2348 WVolfium
481 2319 583 2349 sum
620 2311 822 2361 secutus,
855 2306 919 2351 ita
949 2313 1104 2353 tamen
1137 2315 1189 2354 ut
1225 2307 1468 2356 Lectiones
1493 2310 1585 2357 Va-

132 2384 317 2442 riantes,
347 2392 447 2431 tum
480 2384 638 2442 MSS„
677 2393 774 2433 tum
798 2386 989 2435 Aldinae
1020 2388 1390 2454 Lutetianaeque‚
1416 2391 1586 2440 Textui

132 2474 498 2530 apponerentur:
526 2468 777 2531 Anonyma
798 2487 922 2527 vero,
941 2488 965 2517 e
985 2473 1277 2535 marginibus
1298 2474 1587 2522 diversorum

132 2547 275 2595 MSS.
303 2551 547 2613 exscripta,
582 2551 630 2596 in
658 2568 805 2598 unum
838 2569 1005 2616 corpus
1031 2556 1188 2618 coegi,
1227 2563 1272 2602 et
1295 2557 1342 2601 in
1372 2555 1585 2618 plurimis

131 2632 324 2695 quidem
346 2631 476 2688 locis,
498 2650 552 2680 eo
572 2635 701 2696 quod
725 2636 773 2680 in
794 2634 1041 2698 Ulpianeis
1058 2637 1341 2701 jampridem
1361 2646 1584 2701 prostant,

130 2712 364 2760 Lectionis
389 2713 651 2763 Varietates
674 2723 854 2764 tantum
878 2717 1086 2766 exhibui.

194 2795 467 2843 Extremum
498 2797 615 2845 illud
649 2805 731 2857 est,
767 2801 843 2846 cui
876 2800 1010 2847 multi
1043 2809 1195 2864 partes
1226 2803 1457 2850 secundas
1489 2803 1581 2851 for-

127 2880 247 2926 sitan
286 2879 504 2935 tribuant,
557 2880 880 2944 Interpretatio
927 2881 1104 2931 Latina.
1195 2883 1248 2931 In
1297 2883 1582 2950 Philippicis
