1824 3171
124 102 213 145 xviii
438 99 473 139 I.
501 97 665 138 BERN.
695 98 974 139 FELICIANI
1003 96 1247 138 PRAEFAT.

125 215 281 256 mopere
299 202 516 251 delectaris,
528 217 576 244 ex
589 204 748 255 hujusce
764 205 818 244 rei
832 203 1035 244 occasione
1055 213 1267 242 sermonem
1283 200 1333 240 de
1345 200 1564 252 eloquentia

125 265 314 304 incidisse.
333 265 386 303 ita
405 273 447 304 ut
466 265 529 304 alii
548 279 664 318 supra
681 266 836 304 modum
863 278 948 304 eam
974 264 1218 309 extollerent,
1249 262 1499 314 omnibusque
1519 269 1561 300 et

124 327 268 365 artibus
297 334 335 364 et
363 326 530 365 scientiis
559 327 863 379 anteponendam
892 326 1172 364 arbitrarentur.
1196 323 1258 362 alii
1285 336 1363 362 non
1388 324 1502 362 modo
1520 323 1561 360 id

124 401 202 426 non
222 389 492 439 approbarent,
521 401 652 426 verum
682 389 796 426 etiam
825 400 908 426 eam
928 387 1201 437 vituperarent,
1223 391 1261 423 et
1286 392 1329 422 ut
1346 391 1562 436 suspectam

123 449 318 487 vitandam
339 449 490 487 omnino
510 456 722 487 censerent.
781 449 829 485 Id
848 455 975 486 autern
990 447 1079 485 licet
1098 446 1318 492 absurdum,
1337 458 1476 483 novum
1504 452 1562 482 ta-

124 523 214 548 men
242 510 331 547 mihi
362 523 445 548 esse
473 510 625 547 minime
653 509 865 546 videbatur.
922 509 1020 547 Cum
1052 508 1151 546 enim
1180 519 1333 545 mecum
1361 506 1561 544 considero

123 571 260 609 multos
288 584 335 608 ex
353 570 580 621 gravissimis
599 569 709 607 simul
728 576 844 620 atque
864 569 1127 619 antiquissimis
1147 568 1379 612 auctoribus,
1399 567 1461 615 qui
1482 566 1562 603 elo-

121 633 315 683 quentiam
333 633 394 670 vel
422 631 588 676 laudare,
610 631 670 668 vel
697 630 907 680 vituperare
935 629 1171 674 studuerunt,
1191 641 1256 666 eos
1284 626 1475 677 comperio
1501 626 1562 664 vel

120 693 241 742 plura,
262 706 375 743 quam
394 705 460 742 par
489 698 583 736 erat,
605 690 639 728 ei
658 690 886 735 attribuisse,
909 690 968 727 vel
987 689 1097 741 plura
1117 687 1340 734 detraxisse,
1366 700 1480 738 quam
1499 699 1561 724 res

120 753 202 804 ipsa
227 753 456 804 postulabat,
477 759 592 802 atque
607 751 660 789 ita
679 758 872 799 utrosque,
890 750 977 786 dum
994 753 1074 797 ejus
1092 749 1154 786 vel
1173 748 1431 799 praestantiam
1452 747 1562 786 nimis

120 815 367 858 admirantur,
387 810 448 847 vel
477 811 636 847 abusum
664 810 773 847 nimis
797 809 1039 847 devitandum
1068 816 1236 856 censent,
1257 809 1386 846 multis
1407 808 1455 846 de
1480 815 1564 846 tota

119 887 160 912 re
181 887 257 911 non
277 878 381 910 recte
400 870 591 909 sentiendi
615 882 746 908 ansam
765 870 987 921 praebuisse.
1044 870 1146 908 Nam
1165 870 1230 920 qui
1259 883 1343 907 eam
1371 882 1565 907 commen-

119 935 224 979 dant,
245 933 324 970 fere
344 945 420 969 uno
440 943 630 968 consensu
649 943 779 968 omnes
798 931 985 968 bonorum
1012 931 1180 968 omnium
1199 931 1452 968 humanorum
1471 943 1564 968 cau-

118 1007 198 1031 sam
219 994 254 1031 ei
282 992 518 1031 adscribunt.
539 1004 624 1029 eam
643 1004 901 1042 congregasse
931 1005 955 1030 a
979 992 1164 1043 principio
1191 991 1379 1038 homines,
1407 1004 1493 1028 cum
1522 991 1564 1028 in

118 1055 236 1106 sylvis
255 1054 421 1092 ferarum
442 1065 546 1090 more
566 1052 682 1090 vitam
711 1052 954 1090 traducerent
981 1060 1097 1104 atque
1126 1052 1176 1090 ad
1200 1052 1312 1090 urbes
1341 1051 1562 1090 condendas

116 1115 325 1153 induxisse.
353 1127 439 1152 eam
463 1114 571 1164 leges
601 1113 823 1159 instituisse,
851 1113 931 1151 sine
965 1114 1099 1164 quibus
1129 1113 1337 1152 communis
1370 1113 1448 1151 vita
1476 1125 1563 1151 esse

116 1177 223 1214 nulla
238 1183 377 1227 posset.
399 1188 483 1213 eam
503 1182 721 1212 mansuetos
738 1188 759 1213 e
778 1174 878 1220 feris,
894 1174 1023 1212 civiles
1044 1188 1065 1213 e
1080 1174 1232 1213 rusticis
1248 1174 1420 1213 homines
1439 1173 1566 1212 reddi-

117 1239 233 1277 disse.
257 1252 341 1277 eam
361 1238 516 1276 demum
536 1250 634 1283 esse,
655 1251 730 1288 qua
748 1237 831 1275 sola
854 1250 878 1275 a
896 1238 1026 1275 bestiis
1047 1238 1276 1276 differamus.
1332 1238 1449 1280 Quod
1473 1249 1562 1274 cum

116 1300 262 1346 dicunt,
282 1313 357 1337 non
382 1299 482 1337 male
501 1298 553 1335 illi
573 1299 726 1350 quidem
745 1312 786 1337 se
805 1311 940 1349 gerere
961 1299 1142 1337 censendi
1161 1306 1260 1344 sunt,
1281 1299 1312 1337 si
1333 1299 1394 1336 vel
1414 1297 1562 1348 loquuti

113 1374 183 1413 pro
204 1361 422 1406 occasione,
449 1360 511 1398 vel
539 1359 767 1410 eloquentiae
786 1360 937 1398 nomine
953 1361 1176 1411 sapientiam
1195 1373 1348 1398 omnem
1369 1358 1563 1409 complexi

115 1435 199 1460 esse
218 1422 491 1472 intelligantur.
530 1420 591 1457 Re
612 1420 712 1458 enim
727 1433 816 1458 vera
834 1434 911 1457 non
931 1421 1050 1458 oratio
1070 1428 1140 1466 est,
1161 1420 1230 1458 sed
1249 1420 1346 1457 ratio
1367 1426 1406 1457 et
1424 1418 1563 1455 intelli-

114 1483 258 1533 gentia,
277 1495 363 1532 quae
382 1495 405 1519 a
432 1481 553 1519 brutis
580 1481 772 1519 hominem
791 1481 1014 1531 distinguat.
1044 1494 1117 1519 nec
1147 1481 1367 1531 eloquentia
1394 1486 1468 1525 est,
1493 1480 1563 1518 sed

115 1543 303 1594 sapientia
321 1550 361 1581 et
378 1542 593 1593 prudentia,
610 1556 695 1592 quae
713 1543 902 1593 dispersos
923 1555 970 1580 ac
989 1550 1172 1593 vagantes
1191 1541 1363 1579 homines
1383 1541 1422 1578 in
1441 1555 1560 1579 unum

116 1604 328 1655 collegerit,
350 1617 395 1642 ac
412 1604 527 1641 vitam
542 1603 744 1641 humanam
765 1616 915 1640 omnem
931 1611 970 1639 et
989 1603 1144 1641 urbibus
1161 1603 1387 1649 condendis,
1410 1610 1448 1640 et
1466 1603 1564 1653 legi-

113 1668 185 1705 bus
205 1665 444 1704 instituendis
465 1664 691 1703 excoluerit.
751 1663 884 1701 Sermo
903 1664 1002 1701 enim
1022 1671 1157 1715 postea
1174 1671 1356 1715 tanquam
1376 1663 1560 1708 minister,

115 1736 154 1766 et
174 1727 394 1778 eloquentia
420 1734 598 1776 tanquam
628 1724 766 1762 ancilla
794 1726 1027 1776 subsequuta
1053 1725 1270 1764 necessario
1296 1732 1366 1763 est.
1424 1725 1503 1763 Sed
1530 1724 1562 1762 si

113 1790 167 1827 ita
187 1789 361 1827 absolute
380 1801 463 1838 quae
481 1787 626 1835 dicunt,
642 1786 886 1837 accipiamus,
903 1799 1015 1837 quarn
1028 1794 1134 1825 recte
1154 1786 1190 1823 id
1205 1786 1284 1832 fiat,
1301 1786 1364 1824 alii
1381 1785 1562 1824 viderint.

115 1847 216 1888 Mihi
235 1858 339 1888 certe
368 1848 589 1899 persuaderi
614 1861 691 1885 non
710 1854 849 1898 potest,
869 1861 945 1898 quo
964 1855 1078 1899 pacto
1097 1856 1203 1886 recte
1227 1847 1281 1885 illi
1300 1848 1476 1893 sentiant,
1497 1846 1560 1898 qui

112 1912 248 1949 horum
267 1911 492 1960 scriptorum
512 1909 742 1946 auctoritate
762 1910 924 1959 permoti
951 1909 987 1946 in
1015 1922 1099 1947 eam
1126 1909 1341 1960 opinionem
1360 1915 1559 1954 venerunt,

114 1977 155 2007 ut
179 1971 270 2008 nulli
290 1971 357 2015 rei,
378 1970 448 2006 nisi
467 1969 667 2013 facundiae,
691 1969 920 2007 studendum
939 1983 1023 2007 esse
1044 1970 1213 2016 credant,
1239 1970 1439 2020 nullosque
1460 1982 1557 2016 esse,

109 2032 172 2082 qui
191 2033 288 2069 scire
307 2031 499 2082 quippiam
518 2031 674 2080 possint,
693 2031 761 2068 nisi
781 2031 896 2068 etiam
916 2031 1068 2068 dicendi
1087 2031 1222 2081 peritia
1237 2029 1556 2082 praeditifuerint.

115 2093 243 2137 Adde,
265 2093 367 2143 quod
394 2092 432 2128 hi
453 2105 603 2141 quoque
624 2105 755 2129 omncs
778 2105 843 2129 eos
871 2092 1089 2142 scriptores,
1110 2092 1174 2142 qui
1203 2105 1280 2129 non
1312 2092 1364 2128 ita
1391 2091 1559 2141 eleganti

112 2154 198 2191 stilo
218 2154 265 2189 dc
286 2152 579 2203 praaeclarissimis
600 2154 712 2189 rebus
742 2160 780 2189 et
799 2153 1001 2190 verissimis
1024 2160 1271 2189 monumenta
1289 2152 1449 2202 posteris
1469 2153 1557 2190 reli-

112 2222 287 2265 querunt,
321 2214 380 2251 vel
411 2221 592 2263 tanquam
623 2213 798 2251 indoctos
831 2220 870 2250 et
896 2213 1085 2264 imperitos
1115 2213 1351 2262 abjiciendos
1383 2221 1556 2261 censent,

110 2276 215 2326 quasi
241 2275 442 2312 verborum
462 2274 592 2323 lepore
622 2281 661 2311 et
679 2274 776 2312 fucis
795 2286 916 2312 rerum
939 2274 1108 2324 cognitio
1136 2281 1176 2311 et
1203 2274 1338 2325 peritia
1363 2275 1557 2312 metienda

111 2337 158 2374 sit
197 2336 356 2373 vellicet
369 2348 497 2373 earum
510 2335 764 2379 scientiarum,
778 2347 870 2384 quas
880 2335 1048 2380 tradunt,
1066 2335 1113 2372 de
1127 2335 1337 2385 quibusque
1354 2334 1555 2381 disserunt,

111 2398 223 2435 etiam
253 2396 495 2447 peritissimos
515 2395 628 2433 fuisse
659 2396 925 2442 confiteantur,
946 2402 1123 2446 tanquam
1151 2397 1332 2434 barbaros
1363 2403 1490 2435 tamen
1516 2404 1556 2434 et

110 2460 259 2510 ineptos
285 2459 535 2509 negligendos
555 2465 703 2509 putant,
722 2458 917 2509 plurisque
937 2458 1157 2496 faciendum
1176 2466 1348 2496 asserunt
1367 2472 1469 2504 eum,
1491 2459 1556 2510 qui

109 2520 158 2558 de
177 2520 408 2571 quibuslibet
434 2519 493 2556 vel
524 2519 719 2557 levissimis
749 2520 860 2556 rebus
889 2518 1085 2569 eleganter
1112 2527 1150 2557 et
1180 2520 1334 2570 copiose
1364 2521 1554 2565 tractarit,

108 2593 221 2632 quam
236 2581 299 2631 qui
315 2580 362 2618 de
381 2579 624 2630 gravissimis,
643 2587 680 2617 et
694 2580 857 2616 maxime
875 2581 980 2618 seriis
997 2581 1203 2631 generique
1219 2581 1385 2618 humano
1402 2581 1552 2618 utilissi-

107 2642 178 2680 mis
192 2641 398 2680 infacunde
418 2648 458 2679 et
465 2642 594 2690 jejune
615 2641 826 2692 disputarit,
848 2654 1005 2692 remque
1025 2642 1124 2680 hanc
1144 2656 1220 2680 non
1240 2656 1362 2686 secus,
1379 2649 1493 2693 atque
1513 2643 1553 2679 in

105 2703 295 2742 artificum
315 2715 359 2740 ac
378 2702 642 2741 statuariorum
663 2702 836 2752 operibus
857 2704 1102 2753 spectandam
1117 2716 1199 2741 esse
1220 2704 1337 2749 aiunt,
1360 2704 1395 2740 in
1413 2704 1551 2754 quibus

106 2764 228 2804 forma
251 2765 366 2815 longe
387 2767 579 2812 maiorem,
600 2776 714 2814 quam
744 2764 913 2806 materia,
935 2764 1085 2802 laudem
1116 2771 1153 2802 et
1172 2764 1330 2814 gloriam
1359 2764 1440 2802 sine
1459 2777 1550 2801 con-

105 2826 288 2865 troversia
306 2833 505 2865 mereatur.
563 2825 624 2863 Ac
645 2832 844 2876 propterea
872 2825 1060 2863 assiduum
1087 2826 1255 2863 barbaris
1283 2825 1425 2863 bellum
1452 2825 1549 2863 indi-
