1824 3171
622 159 701 198 AD
733 160 1195 199 DEMOSTHENEM.
1557 163 1644 201 xcix

612 329 822 372 CAPUT
855 329 1212 372 SECUNDUM

193 433 493 472 Adversariorum
516 434 676 484 Taylori.
732 437 918 475 Editiones
937 438 1115 487 impressae
1135 435 1398 483 Demosthenis,
1422 438 1614 484 AEscln'ma,

870 505 940 537 etc.

224 576 276 614 A.
296 577 410 618 1470.
441 576 671 628 Olynthiaca
690 577 811 629 prima
838 578 952 616 latine
974 577 1213 616 Bessarionis
1243 591 1331 616 cum
1351 577 1466 617 notis.
1512 577 1631 616 Paris.

168 650 205 676 v.
225 638 423 678 Maittaire
445 640 550 677 Arm.
569 640 743 691 Typogr.
765 639 812 678 Τ.
836 640 868 679 I.
890 654 925 691 p.
944 641 1007 681 87.
1031 648 1070 678 et
1091 640 1310 678 Chevailler
1339 640 1388 678 ad
1419 639 1541 690 origg.
1571 646 1634 690 ty-

169 712 279 751 pogr.
298 714 335 752 p.
351 702 417 742 57.
473 701 521 739 A.
540 704 655 740 1481.
677 702 793 740 Dem.
815 715 890 740 orr.
910 702 1050 740 Venet.
1111 702 1172 740 Ita
1193 701 1394 752 Beughem
1415 702 1551 739 Incun.
1572 708 1633 752 ty-

166 774 275 813 pogr.
347 762 425 801 Sed
446 776 592 802 errasse
623 763 788 802 videtur.
857 763 903 802 A.
930 766 1043 802 1485.
1074 763 1264 802 AEschinis
1299 776 1372 802 orr.
1403 776 1473 814 per
1503 762 1629 801 Leon.

130 854 141 870 ,
165 824 316 862 Aretin.
337 825 477 863 Venet.
534 825 646 863 Idem
667 825 885 876 Beughem,
918 825 985 863 sed
1006 825 1117 871 falso,
1148 832 1213 863 aut
1233 832 1340 863 certe
1362 824 1486 861 minus
1507 836 1624 861 accu-

162 893 256 924 rate.
312 887 394 925 Res
415 887 467 926 ita
485 900 526 926 se
547 887 691 926 habere
711 887 878 927 videtur.
906 888 1100 926 AEsehinis
1130 895 1169 926 et
1189 888 1306 926 Dem.
1332 901 1406 926 orr.
1427 887 1623 938 [adversa-

162 947 229 985 riae
261 949 393 995 credo,
413 950 463 988 de
497 949 660 1001 corona]
689 963 759 1000 per
782 950 907 988 Leon.
930 950 1132 988 Aretinum
1158 950 1216 1002 [in
1235 949 1407 1000 linguam
1426 949 1516 987 Lat.
1539 962 1624 987 ver-

162 1009 238 1061 sae]
262 1010 400 1049 Venet.
428 1015 543 1051 1485.
574 1015 611 1051 8.
653 1012 752 1050 Bibl.
780 1012 916 1050 Norib.
946 1012 1062 1051 Snab.
1095 1026 1132 1063 p.
1153 1015 1217 1050 83.
1252 1015 1339 1051 154.
1376 1014 1464 1051 155.
1495 1012 1624 1050 Catal.

161 1070 262 1109 Bibl.
290 1072 401 1110 Harl.
422 1080 462 1110 et
487 1073 686 1111 Maittaire
714 1073 761 1110 Τ.
784 1073 815 1111 Ῑ.
836 1087 873 1124 p.
893 1077 985 1113 469.
1053 1074 1100 1111 A.
1130 1076 1246 1112 1488.
1279 1073 1470 1111 AEschinis
1500 1074 1622 1112 oratio

157 1140 291 1171 contra
320 1134 493 1185 Ctesiph.
519 1134 567 1172 de
594 1135 710 1172 Dem.
741 1135 990 1173 coronatione
1018 1135 1135 1172 latine
1173 1147 1241 1185 per
1270 1134 1393 1172 Leon.
1416 1136 1623 1173 Aretinum

159 1193 260 1232 Ven.
278 1195 358 1233 Fol.
376 1196 426 1233 ad
446 1196 594 1234 calcem
616 1196 886 1247 opusculorum
906 1197 1146 1247 quorundam
1165 1196 1378 1236 Ciceronis.
1435 1197 1482 1234 A.
1502 1199 1619 1238 1497.

157 1254 272 1294 Dem.
293 1257 414 1295 oratio
445 1258 482 1295 in
504 1258 725 1296 AEschinem
754 1257 967 1309 interprete
988 1258 1165 1295 Aretino.
1221 1258 1284 1296 Ita
1303 1258 1507 1308 Beughem
1527 1258 1618 1297 ibid.

154 1316 318 1356 Rectius
345 1319 509 1358 fortasse
537 1320 613 1358 hoc
642 1320 758 1358 modo
780 1320 916 1357 AEsch.
938 1327 976 1356 et
997 1320 1114 1356 Dem.
1135 1334 1210 1358 orr.
1235 1321 1438 1358 contrariae
1463 1320 1532 1372 [de
1553 1333 1618 1359 co-

151 1391 246 1418 rona
263 1381 436 1430 autumo]
465 1381 580 1419 latine
597 1381 721 1420 Leon.
741 1381 905 1419 Aretino
920 1380 1134 1432 interprete
1153 1395 1220 1431 per
1239 1383 1388 1419 Anton.
1406 1383 1616 1433 Koburger

150 1444 203 1480 28
225 1442 372 1481 Martii.
400 1444 482 1481 Fol.
539 1445 658 1482 Anno
693 1447 808 1483 1499.
844 1443 960 1481 Dem.
990 1450 1030 1480 et
1051 1442 1242 1481 AEschinis
1276 1443 1456 1494 Epistolae
1485 1457 1615 1495 graece

151 1503 252 1542 Ven.
270 1504 359 1543 Ald.
380 1508 418 1543 4.
457 1505 672 1556 Beughem.
696 1505 821 1544 Catal.
853 1504 953 1542 Bibl.
971 1504 1082 1541 Fabr.
1148 1507 1265 1544 1503.
1284 1505 1438 1555 Ulpiani
1456 1506 1613 1544 Scholia

149 1564 188 1602 in
210 1568 271 1604 18.
293 1566 410 1605 Dem.
433 1580 507 1604 orr.
535 1581 660 1618 graece
685 1567 785 1605 Ven.
808 1567 902 1604 Ald.
932 1566 1014 1604 Fol.
1084 1569 1200 1605 1504.
1219 1567 1423 1605 Demosth.
1441 1581 1513 1606 orr.
1536 1575 1612 1607 etc.

147 1640 275 1677 graece
304 1628 403 1667 Ven.
436 1629 530 1666 Ald.
565 1629 646 1667 Fol.
685 1629 785 1666 inter
820 1629 1013 1666 Rhetoras
1051 1642 1214 1679 graecos.
1256 1632 1371 1668 1518.
1408 1630 1612 1668 AEschines

147 1702 275 1740 graece
294 1690 387 1729 Ald.
409 1698 536 1730 octav.
593 1691 655 1728 Ita
676 1691 888 1741 Catalogus
909 1690 1131 1741 exquisitior
1159 1691 1213 1728 H.
1231 1691 1369 1729 Harris
1399 1691 1609 1730 Leicestri-

145 1752 262 1791 ensis.
283 1765 415 1791 verum
430 1753 539 1791 falso.
595 1754 785 1803 AEschylus
811 1753 924 1799 enim,
945 1767 1023 1791 non
1037 1755 1236 1793 AEschz'nes.
1295 1758 1410 1794 1521.
1430 1755 1610 1806 Olynthi-

142 1826 227 1852 acae
259 1821 338 1852 tres
369 1828 498 1866 graece
520 1815 682 1853 Lovanii
712 1828 843 1854 mense
860 1816 1062 1854 Februario
1078 1829 1196 1867 penes
1216 1829 1291 1855 me.
1358 1818 1547 1856 AEschinis
1567 1825 1608 1857 et

144 1876 263 1915 Dem.
284 1877 460 1929 epistolae
481 1890 609 1929 graece
631 1877 739 1915 Paris
765 1881 834 1916 4to
853 1878 935 1916 sine
962 1892 1062 1916 anno
1082 1885 1226 1916 notato.
1286 1882 1400 1918 1522.
1419 1880 1548 1917 AEsch.
1567 1887 1606 1918 et

143 1937 263 1977 Dem.
284 1952 359 1977 orr.
377 1939 424 1978 de
445 1953 588 1978 corona
608 1953 665 1991 gr.
685 1953 736 1977 ex
757 1940 956 1978 academia
973 1940 1225 1978 Anselmiana
1242 1941 1396 1992 Hagen.
1414 1946 1451 1980 4.
1474 1955 1604 1992 quaere

139 2012 233 2037 num
258 2008 420 2051 quatuor
446 2002 685 2040 adversariae.
717 2004 832 2040 1523.
856 2002 1103 2053 Olynthiacae
1122 2015 1190 2053 per
1211 2002 1297 2040 Par.
1322 2003 1534 2040 Garmond.
1564 2017 1602 2055 q.

139 2061 267 2100 Catal.
283 2062 411 2100 Lond.
477 2067 592 2102 1523.
622 2071 755 2102 contra
780 2065 1061 2102 Aristocratem
1092 2078 1148 2115 gr.
1180 2064 1231 2103 ib.
1252 2078 1287 2115 q.
1309 2065 1458 2102 iterum.
1483 2069 1598 2105 1524.

139 2123 373 2175 Olynthiaca
403 2124 524 2175 prima
555 2125 672 2163 latine
695 2125 906 2164 Camerarii
935 2126 1093 2176 Hagen.
1115 2129 1152 2164 8.
1214 2129 1330 2165 1524.
1353 2126 1598 2177 Olynthiacae

136 2197 267 2235 graece
288 2185 484 2236 Compluti
514 2186 616 2237 apud
638 2185 873 2225 Michaelem
896 2186 944 2224 de
965 2186 1081 2224 Guid.
1103 2190 1142 2225 4.
1164 2200 1198 2225 v.
1222 2187 1346 2226 Catal.
1369 2188 1469 2226 Bibl.
1491 2189 1598 2227 Mat-

135 2246 231 2286 taire
252 2247 298 2285 P.
321 2247 350 2286 I.
372 2261 410 2298 p.
425 2248 490 2288 79.
543 2250 658 2287 1525.
679 2261 733 2286 or.
756 2249 794 2285 in
815 2248 979 2286 Midiam
1001 2255 1039 2285 et
1060 2247 1298 2299 Olynthiaca
1324 2250 1496 2288 secunda
1517 2251 1596 2289 Lo-

134 2322 219 2347 van.
235 2312 274 2347 4.
289 2323 325 2359 q.
347 2309 385 2345 in
409 2308 649 2348 bibliotheca.
672 2310 909 2348 Fabriciana.
934 2313 1048 2349 1526.
1070 2309 1156 2348 adv.
1176 2310 1383 2362 Leptinem
1403 2325 1460 2362 gr.
1491 2313 1595 2363 apud

135 2370 420 2409 Theodoricum
443 2371 656 2409 Martinum
676 2371 825 2410 Lovan.
845 2376 883 2410 4.
905 2372 1042 2410 eodem
1069 2385 1168 2410 anno
1199 2379 1334 2410 contra
1359 2374 1594 2425 Aristogito-

131 2445 220 2471 nem
240 2446 367 2483 graece
384 2433 619 2484 Witteberg.
640 2436 678 2472 8.
711 2434 894 2471 Mattaire
917 2435 968 2472 A.
991 2434 1037 2471 T.
1066 2447 1104 2485 p.
1121 2436 1213 2475 673.
1240 2448 1288 2473 ex
1317 2435 1409 2473 edit.
1432 2444 1469 2474 et
1503 2450 1593 2475 cum

129 2495 358 2546 praefatione
377 2495 654 2534 Melanthonis.
702 2496 855 2533 Eodem
873 2496 921 2534 de
943 2496 1074 2534 Rhod.
1096 2496 1221 2535 libert.
1241 2497 1358 2535 latine
1379 2498 1591 2549 interprete

131 2556 439 2608 Hagendorphio
469 2557 674 2607 Hagenoae
695 2561 731 2596 8.
767 2557 964 2595 Maittaire
987 2559 1037 2595 A.
1059 2558 1111 2596 ΙΙ.
1137 2561 1230 2599 676.
1295 2561 1410 2600 1527.
1432 2560 1589 2611 Ulpian.

130 2624 207 2656 etc.
225 2617 280 2670 [v.
298 2618 436 2670 1503.]
453 2618 491 2655 in
511 2619 658 2657 aedibus
675 2619 763 2657 Aldi
781 2626 819 2657 et
833 2619 996 2657 Asulani
1016 2620 1098 2659 Fol.
1147 2623 1263 2659 1528.
1280 2621 1352 2659 Ph.
1367 2621 1591 2660 Melantho·

128 2680 186 2717 nis
205 2680 315 2731 praef.
339 2681 376 2718 in
393 2681 457 2718 AE.
478 2687 517 2719 et
533 2681 651 2719 Dem.
679 2695 752 2720 orr.
781 2695 831 2720 ex
854 2682 952 2720 offic.
972 2682 1074 2720 Rob.
1099 2681 1298 2734 Stephani.
1354 2684 1445 2720 Eod.
1466 2685 1583 2723 Dein.

128 2748 168 2780 et
187 2744 244 2781 AE.
266 2756 338 2780 orr.
360 2742 407 2781 de
425 2744 578 2781 Corona
593 2743 640 2781 L.
659 2744 806 2782 Aretin.
831 2744 946 2783 Basil.
963 2744 1164 2782 Cratandr.
1224 2748 1339 2784 1530.
1359 2745 1583 2796 Philippicae

130 2803 380 2855 [comparent
410 2805 650 2843 solummodo
679 2805 778 2844 Phil.
802 2806 831 2843 I.
864 2814 903 2844 et
929 2806 1051 2844 oratio
1072 2807 1120 2844 de
1151 2806 1269 2857 pace]
1302 2820 1429 2857 graece
1461 2807 1580 2846 Paris.

126 2865 230 2915 apud
251 2866 400 2917 Colleg.
424 2866 624 2905 Sorbonae.
644 2870 682 2905 8.
715 2870 831 2908 1531.
851 2867 1069 2919 Philippica
1087 2868 1121 2907 Ι.
1144 2868 1194 2906 de
1223 2881 1332 2919 pace,
1354 2868 1424 2919 Ph„
1445 2881 1582 2905 secun-

124 2927 186 2974 da,
208 2927 255 2967 de
278 2927 490 2977 Haloneso,
513 2928 560 2967 de
579 2929 629 2967 R.
645 2928 807 2968 Cherrh.
826 2929 896 2968 Ph.
920 2933 956 2968 3.
974 2936 1012 2968 et
1031 2933 1068 2968 4.
1093 2929 1143 2967 ad.
1163 2929 1234 2968 I‘h.
1257 2928 1483 2980 Epistolam:
1503 2927 1583 2980 epi*
