<?xml version="1.0" encoding="UTF-8"?>
<!DOCTYPE html PUBLIC "-//W3C//DTD XHTML 1.0 Transitional//EN"
    "http://www.w3.org/TR/xhtml1/DTD/xhtml1-transitional.dtd">
<html xmlns="http://www.w3.org/1999/xhtml" xml:lang="en" lang="en">
 <head>
  <title>
</title>
<meta http-equiv="Content-Type" content="text/html;charset=utf-8" />
  <meta name='ocr-system' content='tesseract 3.04.00' />
  <meta name='ocr-capabilities' content='ocr_page ocr_carea ocr_par ocr_line ocrx_word'/>
</head>
<body>
  <div class='ocr_page' id='page_1' title='image "./oratoresatticie05dobs_0214.png"; bbox 0 0 1824 3171; ppageno 0'>
   <div class='ocr_carea' id='block_1_1' title="bbox 175 167 1166 229">
    <p class='ocr_par' dir='ltr' id='par_1_1' title="bbox 175 167 1166 229">
     <span class='ocr_line' id='line_1_1' title="bbox 175 167 1166 229; baseline -0.006 -19"><span class='ocrx_word' id='word_1_1' title='bbox 175 173 262 211; x_wconf 85' lang='lat' dir='ltr'><strong>cciv</strong></span> <span class='ocrx_word' id='word_1_2' title='bbox 353 226 358 229; x_wconf 27' lang='lat'><em>¹</em></span> <span class='ocrx_word' id='word_1_3' title='bbox 622 168 835 207; x_wconf 88' lang='lat' dir='ltr'>REISKII</span> <span class='ocrx_word' id='word_1_4' title='bbox 869 167 1166 206; x_wconf 84' lang='lat' dir='ltr'><strong>PRAEFATIO</strong></span> 
     </span>
    </p>
   </div>
   <div class='ocr_carea' id='block_1_2' title="bbox 171 269 1639 815">
    <p class='ocr_par' dir='ltr' id='par_1_2' title="bbox 171 269 1639 815">
     <span class='ocr_line' id='line_1_2' title="bbox 226 269 1632 327; baseline -0.006 -14"><span class='ocrx_word' id='word_1_5' title='bbox 226 276 425 327; x_wconf 88' lang='lat' dir='ltr'><strong>Typorum</strong></span> <span class='ocrx_word' id='word_1_6' title='bbox 445 285 598 325; x_wconf 90' lang='lat' dir='ltr'><strong>quoque</strong></span> <span class='ocrx_word' id='word_1_7' title='bbox 620 281 662 310; x_wconf 90' lang='lat' dir='ltr'><strong>ut</strong></span> <span class='ocrx_word' id='word_1_8' title='bbox 691 271 887 323; x_wconf 84' lang='lat' dir='ltr'>specimen</span> <span class='ocrx_word' id='word_1_9' title='bbox 916 271 1105 308; x_wconf 83' lang='lat' dir='ltr'><strong>haberent</strong></span> <span class='ocrx_word' id='word_1_10' title='bbox 1132 269 1267 306; x_wconf 88' lang='lat' dir='ltr'><strong>harum</strong></span> <span class='ocrx_word' id='word_1_11' title='bbox 1294 277 1420 304; x_wconf 86' lang='lat' dir='ltr'><strong>rerum</strong></span> <span class='ocrx_word' id='word_1_12' title='bbox 1443 272 1632 311; x_wconf 83' lang='lat' dir='ltr'><strong>amantes,</strong></span> 
     </span>
     <span class='ocr_line' id='line_1_3' title="bbox 175 327 1629 387; baseline -0.008 -12"><span class='ocrx_word' id='word_1_13' title='bbox 175 337 304 387; x_wconf 87' lang='lat' dir='ltr'><strong>delegi</strong></span> <span class='ocrx_word' id='word_1_14' title='bbox 325 336 361 374; x_wconf 92' lang='lat' dir='ltr'><strong>ei</strong></span> <span class='ocrx_word' id='word_1_15' title='bbox 380 336 434 374; x_wconf 86' lang='lat' dir='ltr'><strong>rei</strong></span> <span class='ocrx_word' id='word_1_16' title='bbox 452 335 598 372; x_wconf 90' lang='lat' dir='ltr'><strong>initium</strong></span> <span class='ocrx_word' id='word_1_17' title='bbox 620 333 867 384; x_wconf 87' lang='lat' dir='ltr'><strong>Olynthiacae</strong></span> <span class='ocrx_word' id='word_1_18' title='bbox 887 331 1033 383; x_wconf 87' lang='lat' dir='ltr'><strong>primae,</strong></span> <span class='ocrx_word' id='word_1_19' title='bbox 1054 330 1195 368; x_wconf 85' lang='lat' dir='ltr'><strong>omissa</strong></span> <span class='ocrx_word' id='word_1_20' title='bbox 1213 329 1334 380; x_wconf 87' lang='lat' dir='ltr'><strong>prima</strong></span> <span class='ocrx_word' id='word_1_21' title='bbox 1353 327 1480 365; x_wconf 86' lang='lat' dir='ltr'><strong>littera</strong></span> <span class='ocrx_word' id='word_1_22' title='bbox 1499 344 1522 364; x_wconf 85' lang='grc' dir='ltr'>α</span> <span class='ocrx_word' id='word_1_23' title='bbox 1543 339 1629 378; x_wconf 88' lang='lat' dir='ltr'><strong>quae</strong></span> 
     </span>
     <span class='ocr_line' id='line_1_4' title="bbox 174 387 1633 444; baseline -0.008 -8"><span class='ocrx_word' id='word_1_24' title='bbox 174 405 235 437; x_wconf 89' lang='lat' dir='ltr'><strong>est</strong></span> <span class='ocrx_word' id='word_1_25' title='bbox 261 398 300 435; x_wconf 89' lang='lat' dir='ltr'><strong>in</strong></span> <span class='ocrx_word' id='word_1_26' title='bbox 329 410 419 435; x_wconf 87' lang='lat' dir='ltr'><strong>area</strong></span> <span class='ocrx_word' id='word_1_27' title='bbox 439 408 559 433; x_wconf 84' lang='lat' dir='ltr'><strong>vacua</strong></span> <span class='ocrx_word' id='word_1_28' title='bbox 586 394 745 432; x_wconf 85' lang='lat' dir='ltr'>seorsim</span> <span class='ocrx_word' id='word_1_29' title='bbox 773 393 920 444; x_wconf 83' lang='lat' dir='ltr'><strong>posita;</strong></span> <span class='ocrx_word' id='word_1_30' title='bbox 957 392 1047 443; x_wconf 86' lang='lat' dir='ltr'><strong>quia</strong></span> <span class='ocrx_word' id='word_1_31' title='bbox 1067 391 1231 429; x_wconf 54' lang='lat' dir='ltr'><strong>&gt;latiores</strong></span> <span class='ocrx_word' id='word_1_32' title='bbox 1259 396 1346 427; x_wconf 90' lang='lat' dir='ltr'><strong>sunt</strong></span> <span class='ocrx_word' id='word_1_33' title='bbox 1365 389 1515 439; x_wconf 71' lang='lat' dir='ltr'><strong>paginae</strong></span> <span class='ocrx_word' id='word_1_34' title='bbox 1537 387 1633 425; x_wconf 83' lang='lat' dir='ltr'><strong>Ald.</strong></span> 
     </span>
     <span class='ocr_line' id='line_1_5' title="bbox 174 450 1634 510; baseline -0.009 -13"><span class='ocrx_word' id='word_1_35' title='bbox 174 462 233 508; x_wconf 89' lang='lat' dir='ltr'><strong>(ut</strong></span> <span class='ocrx_word' id='word_1_36' title='bbox 255 472 340 510; x_wconf 84' lang='lat' dir='ltr'><strong>quae</strong></span> <span class='ocrx_word' id='word_1_37' title='bbox 362 459 493 495; x_wconf 82' lang='lat' dir='ltr'><strong>formae</strong></span> <span class='ocrx_word' id='word_1_38' title='bbox 526 456 600 493; x_wconf 83' lang='lat' dir='ltr'><strong>sint</strong></span> <span class='ocrx_word' id='word_1_39' title='bbox 626 455 664 492; x_wconf 92' lang='lat' dir='ltr'><strong>in</strong></span> <span class='ocrx_word' id='word_1_40' title='bbox 694 455 817 504; x_wconf 87' lang='lat' dir='ltr'><strong>Folio,</strong></span> <span class='ocrx_word' id='word_1_41' title='bbox 842 461 883 492; x_wconf 89' lang='lat' dir='ltr'><strong>ut</strong></span> <span class='ocrx_word' id='word_1_42' title='bbox 901 454 1017 504; x_wconf 85' lang='lat' dir='ltr'><strong>vulgo</strong></span> <span class='ocrx_word' id='word_1_43' title='bbox 1044 450 1256 504; x_wconf 84' lang='lat' dir='ltr'><strong>appellant)</strong></span> <span class='ocrx_word' id='word_1_44' title='bbox 1277 463 1392 500; x_wconf 89' lang='lat' dir='ltr'><strong>quum</strong></span> <span class='ocrx_word' id='word_1_45' title='bbox 1414 450 1473 486; x_wconf 68' lang='lat' dir='ltr'><strong>11ae</strong></span> <span class='ocrx_word' id='word_1_46' title='bbox 1493 454 1634 486; x_wconf 86' lang='lat' dir='ltr'><strong>nostrae</strong></span> 
     </span>
     <span class='ocr_line' id='line_1_6' title="bbox 172 510 1637 569; baseline -0.009 -11"><span class='ocrx_word' id='word_1_47' title='bbox 172 522 211 558; x_wconf 89' lang='lat' dir='ltr'><strong>in</strong></span> <span class='ocrx_word' id='word_1_48' title='bbox 241 528 390 558; x_wconf 82' lang='lat' dir='ltr'><strong>octavo.</strong></span> <span class='ocrx_word' id='word_1_49' title='bbox 449 518 648 569; x_wconf 85' lang='lat' dir='ltr'><strong>Typorum</strong></span> <span class='ocrx_word' id='word_1_50' title='bbox 678 517 858 560; x_wconf 85' lang='lat' dir='ltr'><strong>formam,</strong></span> <span class='ocrx_word' id='word_1_51' title='bbox 887 528 962 565; x_wconf 88' lang='lat' dir='ltr'><strong>qua</strong></span> <span class='ocrx_word' id='word_1_52' title='bbox 990 513 1127 565; x_wconf 87' lang='lat' dir='ltr'><strong>potuit,</strong></span> <span class='ocrx_word' id='word_1_53' title='bbox 1158 512 1303 550; x_wconf 81' lang='lat' dir='ltr'>artifex</span> <span class='ocrx_word' id='word_1_54' title='bbox 1333 524 1441 548; x_wconf 87' lang='lat' dir='ltr'><strong>meus</strong></span> <span class='ocrx_word' id='word_1_55' title='bbox 1470 510 1637 547; x_wconf 87' lang='lat' dir='ltr'><strong>imitatus</strong></span> 
     </span>
     <span class='ocr_line' id='line_1_7' title="bbox 173 569 1636 630; baseline -0.011 -9"><span class='ocrx_word' id='word_1_56' title='bbox 173 590 243 628; x_wconf 89' lang='lat' dir='ltr'><strong>est,</strong></span> <span class='ocrx_word' id='word_1_57' title='bbox 265 595 341 620; x_wconf 86' lang='lat' dir='ltr'><strong>non</strong></span> <span class='ocrx_word' id='word_1_58' title='bbox 367 581 430 618; x_wconf 90' lang='lat' dir='ltr'><strong>ille</strong></span> <span class='ocrx_word' id='word_1_59' title='bbox 449 579 604 630; x_wconf 84' lang='lat' dir='ltr'><strong>quidem</strong></span> <span class='ocrx_word' id='word_1_60' title='bbox 623 591 692 629; x_wconf 86' lang='lat' dir='ltr'><strong>per</strong></span> <span class='ocrx_word' id='word_1_61' title='bbox 712 577 844 616; x_wconf 87' lang='lat' dir='ltr'><strong>omnia</strong></span> <span class='ocrx_word' id='word_1_62' title='bbox 862 576 1084 614; x_wconf 86' lang='lat' dir='ltr'><strong>felicissime</strong></span> <span class='ocrx_word' id='word_1_63' title='bbox 1106 587 1232 624; x_wconf 89' lang='lat' dir='ltr'><strong>neque</strong></span> <span class='ocrx_word' id='word_1_64' title='bbox 1259 572 1491 616; x_wconf 86' lang='lat' dir='ltr'><strong>fidelissime,</strong></span> <span class='ocrx_word' id='word_1_65' title='bbox 1514 579 1555 608; x_wconf 89' lang='lat' dir='ltr'><strong>ut</strong></span> <span class='ocrx_word' id='word_1_66' title='bbox 1574 569 1636 620; x_wconf 83' lang='lat' dir='ltr'><strong>qui</strong></span> 
     </span>
     <span class='ocr_line' id='line_1_8' title="bbox 171 632 1639 694; baseline -0.009 -12.982"><span class='ocrx_word' id='word_1_67' title='bbox 171 656 301 694; x_wconf 78' lang='lat' dir='ltr'><strong>graeca</strong></span> <span class='ocrx_word' id='word_1_68' title='bbox 315 655 389 679; x_wconf 91' lang='lat' dir='ltr'><strong>non</strong></span> <span class='ocrx_word' id='word_1_69' title='bbox 407 641 579 685; x_wconf 89' lang='lat' dir='ltr'><strong>calleret,</strong></span> <span class='ocrx_word' id='word_1_70' title='bbox 593 639 647 677; x_wconf 91' lang='lat' dir='ltr'><strong>sic</strong></span> <span class='ocrx_word' id='word_1_71' title='bbox 663 646 792 676; x_wconf 90' lang='lat' dir='ltr'><strong>tamen</strong></span> <span class='ocrx_word' id='word_1_72' title='bbox 812 638 914 682; x_wconf 86' lang='lat' dir='ltr'><strong>satis,</strong></span> <span class='ocrx_word' id='word_1_73' title='bbox 932 644 974 673; x_wconf 92' lang='lat' dir='ltr'><strong>ut</strong></span> <span class='ocrx_word' id='word_1_74' title='bbox 990 636 1128 681; x_wconf 89' lang='lat' dir='ltr'><strong>saltim,</strong></span> <span class='ocrx_word' id='word_1_75' title='bbox 1146 634 1183 672; x_wconf 92' lang='lat' dir='ltr'><strong>id</strong></span> <span class='ocrx_word' id='word_1_76' title='bbox 1201 634 1304 685; x_wconf 85' lang='lat' dir='ltr'><strong>quod</strong></span> <span class='ocrx_word' id='word_1_77' title='bbox 1315 633 1416 679; x_wconf 92' lang='lat' dir='ltr'><strong>volo,</strong></span> <span class='ocrx_word' id='word_1_78' title='bbox 1434 632 1639 669; x_wconf 83' lang='lat' dir='ltr'><strong>discrimen</strong></span> 
     </span>
     <span class='ocr_line' id='line_1_9' title="bbox 171 691 1637 754; baseline -0.009 -13"><span class='ocrx_word' id='word_1_79' title='bbox 171 704 366 754; x_wconf 85' lang='lat' dir='ltr'><strong>utriusque</strong></span> <span class='ocrx_word' id='word_1_80' title='bbox 387 702 562 740; x_wconf 86' lang='lat' dir='ltr'>editionis</span> <span class='ocrx_word' id='word_1_81' title='bbox 584 707 801 752; x_wconf 83' lang='lat' dir='ltr'><strong>appareret.</strong></span> <span class='ocrx_word' id='word_1_82' title='bbox 853 697 1007 735; x_wconf 88' lang='lat' dir='ltr'>Initium</span> <span class='ocrx_word' id='word_1_83' title='bbox 1027 697 1156 747; x_wconf 87' lang='lat' dir='ltr'><strong>itaque</strong></span> <span class='ocrx_word' id='word_1_84' title='bbox 1179 693 1426 747; x_wconf 83' lang='lat' dir='ltr'><strong>Olynthiacae</strong></span> <span class='ocrx_word' id='word_1_85' title='bbox 1446 693 1579 744; x_wconf 76' lang='lat' dir='ltr'><strong>primae</strong></span> <span class='ocrx_word' id='word_1_86' title='bbox 1597 691 1637 728; x_wconf 92' lang='lat' dir='ltr'><strong>in</strong></span> 
     </span>
     <span class='ocr_line' id='line_1_10' title="bbox 181 762 774 815; baseline -0.007 -13"><span class='ocrx_word' id='word_1_87' title='bbox 181 765 361 815; x_wconf 88' lang='lat' dir='ltr'><strong>exemplo</strong></span> <span class='ocrx_word' id='word_1_88' title='bbox 382 762 585 801; x_wconf 89' lang='lat' dir='ltr'><strong>vetustiore</strong></span> <span class='ocrx_word' id='word_1_89' title='bbox 605 762 681 799; x_wconf 91' lang='lat' dir='ltr'><strong>hoc</strong></span> <span class='ocrx_word' id='word_1_90' title='bbox 703 768 774 799; x_wconf 88' lang='lat' dir='ltr'><strong>est.</strong></span> 
     </span>
    </p>
   </div>
   <div class='ocr_carea' id='block_1_3' title="bbox 205 886 1612 1110">
    <p class='ocr_par' dir='ltr' id='par_1_3' title="bbox 205 886 1607 1110">
     <span class='ocr_line' id='line_1_11' title="bbox 206 886 1604 981; baseline -0.003 -39"><span class='ocrx_word' id='word_1_91' title='bbox 206 910 290 943; x_wconf 73' lang='grc' dir='ltr'><strong>Νπ</strong></span> <span class='ocrx_word' id='word_1_92' title='bbox 272 886 543 945; x_wconf 57' lang='lat' dir='ltr'><strong>mmzvai}</strong></span> <span class='ocrx_word' id='word_1_93' title='bbox 557 888 658 947; x_wconf 51' lang='grc' dir='ltr'><strong>ἔξω*</strong></span> <span class='ocrx_word' id='word_1_94' title='bbox 677 892 813 955; x_wconf 56' lang='lat' dir='ltr'><strong>osseis*</strong></span> <span class='ocrx_word' id='word_1_95' title='bbox 792 913 820 941; x_wconf 67' lang='grc' dir='ltr'><strong>οε</strong></span> <span class='ocrx_word' id='word_1_96' title='bbox 835 890 966 944; x_wconf 54' lang='lat' dir='ltr'><strong>aava&amp;</strong></span> <span class='ocrx_word' id='word_1_97' title='bbox 969 910 1004 942; x_wconf 85' lang='grc' dir='ltr'><strong>οι</strong></span> <span class='ocrx_word' id='word_1_98' title='bbox 1017 889 1153 954; x_wconf 54' lang='grc' dir='ltr'><strong>ςζᾲημο(</strong></span> <span class='ocrx_word' id='word_1_99' title='bbox 1164 907 1240 942; x_wconf 69' lang='grc' dir='ltr'><strong>πων</strong></span> <span class='ocrx_word' id='word_1_100' title='bbox 1253 887 1367 955; x_wconf 61' lang='grc' dir='ltr'><strong><em>υμοῗς</em></strong></span> <span class='ocrx_word' id='word_1_101' title='bbox 1382 887 1604 981; x_wconf 58' lang='grc' dir='ltr'><strong>ἓλίοζξνο,</strong></span> 
     </span>
     <span class='ocr_line' id='line_1_12' title="bbox 207 955 1607 1062; baseline 0.002 -49"><span class='ocrx_word' id='word_1_102' title='bbox 207 964 348 1030; x_wconf 44' lang='lat' dir='ltr'><strong>Pazon,</strong></span> <span class='ocrx_word' id='word_1_103' title='bbox 367 960 587 1062; x_wconf 49' lang='lat' dir='ltr'><strong>e‘vpowgporv</strong></span> <span class='ocrx_word' id='word_1_104' title='bbox 613 964 763 1026; x_wconf 58' lang='lat' dir='ltr'><strong>ywom&#39;o</strong></span> <span class='ocrx_word' id='word_1_105' title='bbox 785 968 828 1015; x_wconf 62' lang='lat'><strong>5*</strong></span> <span class='ocrx_word' id='word_1_106' title='bbox 839 964 996 1020; x_wconf 59' lang='lat' dir='ltr'><strong>mmm</strong></span> <span class='ocrx_word' id='word_1_107' title='bbox 1017 960 1220 1018; x_wconf 62' lang='grc' dir='ltr'><strong>ωυοῖσσιν</strong></span> <span class='ocrx_word' id='word_1_108' title='bbox 1237 983 1292 1035; x_wconf 75' lang='lat'><strong>&#39;171</strong></span> <span class='ocrx_word' id='word_1_109' title='bbox 1262 959 1435 1028; x_wconf 53' lang='grc' dir='ltr'><strong>[ἕν’λεῖ,</strong></span> <span class='ocrx_word' id='word_1_110' title='bbox 1449 955 1541 1024; x_wconf 53' lang='lat' dir='ltr'><strong>‘nimi</strong></span> <span class='ocrx_word' id='word_1_111' title='bbox 1555 955 1607 1016; x_wconf 74' lang='grc' dir='ltr'><strong>ὧν</strong></span> 
     </span>
     <span class='ocr_line' id='line_1_13' title="bbox 205 1031 1612 1110; baseline 0 -14"><span class='ocrx_word' id='word_1_112' title='bbox 205 1044 546 1101; x_wconf 63' lang='grc' dir='ltr'><strong>νωνσκοπζὶτε-</strong></span> <span class='ocrx_word' id='word_1_113' title='bbox 558 1041 631 1097; x_wconf 70' lang='grc' dir='ltr'><strong>ῡῖε</strong></span> <span class='ocrx_word' id='word_1_114' title='bbox 648 1043 790 1099; x_wconf 69' lang='lat' dir='ltr'><strong>‘20in</strong></span> <span class='ocrx_word' id='word_1_115' title='bbox 811 1044 911 1100; x_wconf 65' lang='grc' dir='ltr'><strong>Ιῑ“’νθ</strong></span> <span class='ocrx_word' id='word_1_116' title='bbox 920 1031 1027 1102; x_wconf 63' lang='grc' dir='ltr'>δ”πυς</span> <span class='ocrx_word' id='word_1_117' title='bbox 1045 1043 1150 1105; x_wconf 67' lang='grc' dir='ltr'>ἐ’γει,</span> <span class='ocrx_word' id='word_1_118' title='bbox 1165 1046 1352 1110; x_wconf 57' lang='grc' dir='ltr'><strong>προσῄκᾷ</strong></span> <span class='ocrx_word' id='word_1_119' title='bbox 1375 1052 1612 1107; x_wconf 62' lang='grc' dir='ltr'><strong>προθνμω,</strong></span> 
     </span>
    </p>
   </div>
   <div class='ocr_carea' id='block_1_4' title="bbox 344 1189 1109 1241">
    <p class='ocr_par' dir='ltr' id='par_1_4' title="bbox 344 1189 1109 1241">
     <span class='ocr_line' id='line_1_14' title="bbox 344 1189 1109 1241; baseline -0.003 -12"><span class='ocrx_word' id='word_1_120' title='bbox 344 1192 392 1229; x_wconf 92' lang='lat' dir='ltr'><strong>In</strong></span> <span class='ocrx_word' id='word_1_121' title='bbox 414 1190 627 1229; x_wconf 80' lang='lat' dir='ltr'><strong>recentiore</strong></span> <span class='ocrx_word' id='word_1_122' title='bbox 648 1196 775 1228; x_wconf 90' lang='lat' dir='ltr'><strong>autem</strong></span> <span class='ocrx_word' id='word_1_123' title='bbox 797 1197 857 1228; x_wconf 87' lang='lat' dir='ltr'><strong>est</strong></span> <span class='ocrx_word' id='word_1_124' title='bbox 876 1189 1109 1241; x_wconf 89' lang='lat' dir='ltr'><strong>hujusmodi.</strong></span> 
     </span>
    </p>
   </div>
   <div class='ocr_carea' id='block_1_5' title="bbox 557 1316 715 1343">
    <p class='ocr_par' dir='ltr' id='par_1_5' title="bbox 557 1316 715 1343">
     <span class='ocr_line' id='line_1_15' title="bbox 557 1316 715 1343; baseline 0.006 -3"><span class='ocrx_word' id='word_1_125' title='bbox 557 1316 636 1340; x_wconf 50' lang='lat'><strong>³1⁶¹</strong></span> <span class='ocrx_word' id='word_1_126' title='bbox 686 1316 715 1343; x_wconf 67' lang='grc'><strong>31</strong></span> 
     </span>
    </p>
   </div>
   <div class='ocr_carea' id='block_1_6' title="bbox 207 1317 1627 1527">
    <p class='ocr_par' dir='ltr' id='par_1_6' title="bbox 207 1317 1627 1527">
     <span class='ocr_line' id='line_1_16' title="bbox 207 1317 1620 1412; baseline 0 -34"><span class='ocrx_word' id='word_1_127' title='bbox 207 1341 300 1381; x_wconf 77' lang='grc' dir='ltr'><strong>Νπ</strong></span> <span class='ocrx_word' id='word_1_128' title='bbox 323 1326 506 1377; x_wconf 62' lang='grc' dir='ltr'>πλλοὸν</span> <span class='ocrx_word' id='word_1_129' title='bbox 530 1338 581 1376; x_wconf 73' lang='lat' dir='ltr'><strong>ow</strong></span> <span class='ocrx_word' id='word_1_130' title='bbox 599 1333 633 1372; x_wconf 66' lang='grc' dir='ltr'><strong>εὖ</strong></span> <span class='ocrx_word' id='word_1_131' title='bbox 663 1318 836 1387; x_wconf 64' lang='grc' dir='ltr'><strong>οωᾸῘοὸἲι*</strong></span> <span class='ocrx_word' id='word_1_132' title='bbox 855 1321 1049 1378; x_wconf 71' lang='grc' dir='ltr'><strong>οἷθῖωοαοι</strong></span> <span class='ocrx_word' id='word_1_133' title='bbox 1065 1317 1400 1412; x_wconf 51' lang='lat' dir='ltr'><strong>Qufldmvfipw</strong></span> <span class='ocrx_word' id='word_1_134' title='bbox 1428 1317 1620 1378; x_wconf 70' lang='grc' dir='ltr'>ἑλέῶυω</span> 
     </span>
     <span class='ocr_line' id='line_1_17' title="bbox 215 1387 1627 1482; baseline 0 -34"><span class='ocrx_word' id='word_1_135' title='bbox 215 1390 442 1482; x_wconf 56' lang='grc' dir='ltr'><strong>κομίζωέι</strong></span> <span class='ocrx_word' id='word_1_136' title='bbox 458 1387 639 1458; x_wconf 53' lang='grc' dir='ltr'>ῴοωᾼον</span> <span class='ocrx_word' id='word_1_137' title='bbox 667 1394 825 1449; x_wconf 47' lang='grc' dir='ltr'><strong>ἅψοιτο</strong></span> <span class='ocrx_word' id='word_1_138' title='bbox 849 1414 891 1451; x_wconf 69' lang='lat'><strong>¹30</strong></span> <span class='ocrx_word' id='word_1_139' title='bbox 909 1396 1066 1456; x_wconf 68' lang='grc' dir='ltr'>μέλλον</span> <span class='ocrx_word' id='word_1_140' title='bbox 1093 1413 1291 1448; x_wconf 61' lang='grc' dir='ltr'><strong>σιωοισὲῑν</strong></span> <span class='ocrx_word' id='word_1_141' title='bbox 1317 1391 1533 1469; x_wconf 58' lang='grc' dir='ltr'><strong>Ἢπόλᾷ,</strong></span> <span class='ocrx_word' id='word_1_142' title='bbox 1549 1413 1627 1448; x_wconf 71' lang='grc' dir='ltr'><strong>πε]</strong></span> 
     </span>
     <span class='ocr_line' id='line_1_18' title="bbox 213 1456 1623 1527; baseline 0 -7"><span class='ocrx_word' id='word_1_143' title='bbox 213 1459 321 1520; x_wconf 68' lang='grc' dir='ltr'><strong>εὶὼν</strong></span> <span class='ocrx_word' id='word_1_144' title='bbox 339 1460 428 1522; x_wconf 65' lang='lat' dir='ltr'><strong>vem</strong></span> <span class='ocrx_word' id='word_1_145' title='bbox 463 1459 723 1520; x_wconf 58' lang='grc' dir='ltr'>σκοπὲίῒὲ</span> <span class='ocrx_word' id='word_1_146' title='bbox 708 1469 791 1521; x_wconf 46' lang='grc' dir='ltr'><strong>09τῖ</strong></span> <span class='ocrx_word' id='word_1_147' title='bbox 806 1467 945 1525; x_wconf 60' lang='grc' dir='ltr'>Ῥινοω</span> <span class='ocrx_word' id='word_1_148' title='bbox 968 1457 1057 1521; x_wconf 70' lang='lat'><strong>&#39;180</strong></span> <span class='ocrx_word' id='word_1_149' title='bbox 1059 1462 1194 1519; x_wconf 49' lang='lat' dir='ltr'><strong>§Tm</strong></span> <span class='ocrx_word' id='word_1_150' title='bbox 1196 1456 1286 1525; x_wconf 56' lang='lat' dir='ltr'><strong>tm)</strong></span> <span class='ocrx_word' id='word_1_151' title='bbox 1327 1470 1518 1527; x_wconf 60' lang='grc' dir='ltr'><strong>Ἴῐίοσηχᾴ</strong></span> <span class='ocrx_word' id='word_1_152' title='bbox 1542 1473 1623 1520; x_wconf 59' lang='lat' dir='ltr'><strong>‘RQ</strong></span> 
     </span>
    </p>
   </div>
   <div class='ocr_carea' id='block_1_7' title="bbox 185 1606 1654 2584">
    <p class='ocr_par' dir='ltr' id='par_1_7' title="bbox 185 1606 1654 2584">
     <span class='ocr_line' id='line_1_19' title="bbox 237 1606 1645 1660; baseline 0.001 -16"><span class='ocrx_word' id='word_1_153' title='bbox 237 1606 302 1644; x_wconf 90' lang='lat' dir='ltr'><strong>Ne</strong></span> <span class='ocrx_word' id='word_1_154' title='bbox 328 1619 397 1660; x_wconf 89' lang='lat' dir='ltr'><strong>per</strong></span> <span class='ocrx_word' id='word_1_155' title='bbox 416 1606 535 1644; x_wconf 85' lang='lat' dir='ltr'><strong>multa</strong></span> <span class='ocrx_word' id='word_1_156' title='bbox 555 1619 653 1653; x_wconf 87' lang='lat' dir='ltr'><strong>eam,</strong></span> <span class='ocrx_word' id='word_1_157' title='bbox 676 1607 824 1646; x_wconf 86' lang='lat' dir='ltr'><strong>infinita</strong></span> <span class='ocrx_word' id='word_1_158' title='bbox 845 1608 946 1653; x_wconf 89' lang='lat' dir='ltr'><strong>enim</strong></span> <span class='ocrx_word' id='word_1_159' title='bbox 966 1615 1069 1654; x_wconf 83' lang='lat' dir='ltr'><strong>sunt,</strong></span> <span class='ocrx_word' id='word_1_160' title='bbox 1091 1615 1218 1647; x_wconf 89' lang='lat' dir='ltr'><strong>vetust</strong></span> <span class='ocrx_word' id='word_1_161' title='bbox 1221 1622 1253 1646; x_wconf 69' lang='lat' dir='ltr'><strong>ee</strong></span> <span class='ocrx_word' id='word_1_162' title='bbox 1273 1622 1406 1647; x_wconf 87' lang='lat' dir='ltr'><strong>versus</strong></span> <span class='ocrx_word' id='word_1_163' title='bbox 1425 1608 1537 1660; x_wconf 87' lang='lat' dir='ltr'><strong>paulo</strong></span> <span class='ocrx_word' id='word_1_164' title='bbox 1557 1615 1645 1648; x_wconf 89' lang='lat' dir='ltr'><strong>sunt</strong></span> 
     </span>
     <span class='ocr_line' id='line_1_20' title="bbox 185 1668 1646 1722; baseline 0.003 -17"><span class='ocrx_word' id='word_1_165' title='bbox 185 1668 394 1719; x_wconf 82' lang='lat' dir='ltr'><strong>longiores,</strong></span> <span class='ocrx_word' id='word_1_166' title='bbox 415 1675 454 1705; x_wconf 91' lang='lat' dir='ltr'><strong>et</strong></span> <span class='ocrx_word' id='word_1_167' title='bbox 473 1668 615 1719; x_wconf 78' lang='lat' dir='ltr'>pagina</span> <span class='ocrx_word' id='word_1_168' title='bbox 636 1682 788 1720; x_wconf 83' lang='lat' dir='ltr'><strong>quaque</strong></span> <span class='ocrx_word' id='word_1_169' title='bbox 817 1669 1036 1721; x_wconf 84' lang='lat' dir='ltr'><strong>pauciores.</strong></span> <span class='ocrx_word' id='word_1_170' title='bbox 1095 1671 1142 1708; x_wconf 92' lang='lat' dir='ltr'><strong>In</strong></span> <span class='ocrx_word' id='word_1_171' title='bbox 1173 1670 1296 1722; x_wconf 88' lang='lat' dir='ltr'><strong>prima</strong></span> <span class='ocrx_word' id='word_1_172' title='bbox 1325 1671 1480 1722; x_wconf 90' lang='lat' dir='ltr'><strong>quidem</strong></span> <span class='ocrx_word' id='word_1_173' title='bbox 1504 1671 1646 1722; x_wconf 85' lang='lat' dir='ltr'><strong>pagina</strong></span> 
     </span>
     <span class='ocr_line' id='line_1_21' title="bbox 187 1730 1648 1782; baseline 0.002 -15"><span class='ocrx_word' id='word_1_174' title='bbox 187 1731 321 1782; x_wconf 80' lang='lat' dir='ltr'><strong>primae</strong></span> <span class='ocrx_word' id='word_1_175' title='bbox 342 1730 588 1781; x_wconf 81' lang='lat' dir='ltr'><strong>Olynthi-aeae</strong></span> <span class='ocrx_word' id='word_1_176' title='bbox 608 1732 802 1769; x_wconf 87' lang='lat' dir='ltr'><strong>numeravi</strong></span> <span class='ocrx_word' id='word_1_177' title='bbox 821 1735 886 1771; x_wconf 77' lang='lat'><strong>41.</strong></span> <span class='ocrx_word' id='word_1_178' title='bbox 943 1732 989 1769; x_wconf 91' lang='lat' dir='ltr'><strong>In</strong></span> <span class='ocrx_word' id='word_1_179' title='bbox 1005 1746 1103 1770; x_wconf 87' lang='lat' dir='ltr'><strong>nova</strong></span> <span class='ocrx_word' id='word_1_180' title='bbox 1118 1741 1246 1771; x_wconf 89' lang='lat' dir='ltr'><strong>autem</strong></span> <span class='ocrx_word' id='word_1_181' title='bbox 1262 1733 1469 1779; x_wconf 86' lang='lat' dir='ltr'><strong>breviores,</strong></span> <span class='ocrx_word' id='word_1_182' title='bbox 1491 1733 1559 1772; x_wconf 85' lang='lat' dir='ltr'><strong>sed</strong></span> <span class='ocrx_word' id='word_1_183' title='bbox 1578 1747 1648 1771; x_wconf 89' lang='lat' dir='ltr'><strong>nu-</strong></span> 
     </span>
     <span class='ocr_line' id='line_1_22' title="bbox 187 1792 1647 1845; baseline 0.002 -16"><span class='ocrx_word' id='word_1_184' title='bbox 187 1805 296 1830; x_wconf 88' lang='lat' dir='ltr'><strong>mero</strong></span> <span class='ocrx_word' id='word_1_185' title='bbox 316 1792 459 1843; x_wconf 90' lang='lat' dir='ltr'><strong>plures.</strong></span> <span class='ocrx_word' id='word_1_186' title='bbox 479 1792 676 1829; x_wconf 88' lang='lat' dir='ltr'><strong>numeravi</strong></span> <span class='ocrx_word' id='word_1_187' title='bbox 698 1792 798 1829; x_wconf 90' lang='lat' dir='ltr'><strong>enim</strong></span> <span class='ocrx_word' id='word_1_188' title='bbox 819 1793 857 1830; x_wconf 91' lang='lat' dir='ltr'><strong>in</strong></span> <span class='ocrx_word' id='word_1_189' title='bbox 877 1793 1019 1844; x_wconf 85' lang='lat' dir='ltr'><strong>pagina</strong></span> <span class='ocrx_word' id='word_1_190' title='bbox 1040 1794 1174 1832; x_wconf 88' lang='lat' dir='ltr'><strong>eadem</strong></span> <span class='ocrx_word' id='word_1_191' title='bbox 1193 1794 1317 1845; x_wconf 86' lang='lat' dir='ltr'><strong>prima</strong></span> <span class='ocrx_word' id='word_1_192' title='bbox 1336 1808 1468 1833; x_wconf 86' lang='lat' dir='ltr'><strong>versus</strong></span> <span class='ocrx_word' id='word_1_193' title='bbox 1486 1799 1552 1834; x_wconf 80' lang='lat'><strong>43.</strong></span> <span class='ocrx_word' id='word_1_194' title='bbox 1582 1796 1647 1833; x_wconf 88' lang='lat' dir='ltr'><strong>De</strong></span> 
     </span>
     <span class='ocr_line' id='line_1_23' title="bbox 189 1853 1649 1908; baseline 0.002 -17"><span class='ocrx_word' id='word_1_195' title='bbox 189 1853 344 1904; x_wconf 85' lang='lat' dir='ltr'><strong>reliquis</strong></span> <span class='ocrx_word' id='word_1_196' title='bbox 364 1853 513 1904; x_wconf 83' lang='lat' dir='ltr'><strong>paginis</strong></span> <span class='ocrx_word' id='word_1_197' title='bbox 535 1866 707 1904; x_wconf 74' lang='lat' dir='ltr'><strong>quaerere</strong></span> <span class='ocrx_word' id='word_1_198' title='bbox 727 1855 778 1891; x_wconf 87' lang='lat' dir='ltr'><strong>nil</strong></span> <span class='ocrx_word' id='word_1_199' title='bbox 799 1855 981 1900; x_wconf 90' lang='lat' dir='ltr'><strong>laboravi,</strong></span> <span class='ocrx_word' id='word_1_200' title='bbox 1000 1869 1232 1907; x_wconf 85' lang='lat' dir='ltr'><strong>quamquam</strong></span> <span class='ocrx_word' id='word_1_201' title='bbox 1249 1856 1421 1907; x_wconf 87' lang='lat' dir='ltr'><strong>suspicor</strong></span> <span class='ocrx_word' id='word_1_202' title='bbox 1436 1869 1505 1908; x_wconf 88' lang='lat' dir='ltr'><strong>per</strong></span> <span class='ocrx_word' id='word_1_203' title='bbox 1525 1864 1649 1894; x_wconf 89' lang='lat' dir='ltr'><strong>totum</strong></span> 
     </span>
     <span class='ocr_line' id='line_1_24' title="bbox 190 1915 1647 1968; baseline 0.003 -16"><span class='ocrx_word' id='word_1_204' title='bbox 190 1916 330 1953; x_wconf 88' lang='lat' dir='ltr'><strong>librum</strong></span> <span class='ocrx_word' id='word_1_205' title='bbox 343 1915 482 1952; x_wconf 90' lang='lat' dir='ltr'><strong>eodem</strong></span> <span class='ocrx_word' id='word_1_206' title='bbox 497 1915 613 1952; x_wconf 90' lang='lat' dir='ltr'><strong>modo</strong></span> <span class='ocrx_word' id='word_1_207' title='bbox 628 1928 669 1953; x_wconf 90' lang='lat' dir='ltr'><strong>se</strong></span> <span class='ocrx_word' id='word_1_208' title='bbox 688 1928 767 1953; x_wconf 88' lang='lat' dir='ltr'><strong>rem</strong></span> <span class='ocrx_word' id='word_1_209' title='bbox 787 1916 946 1955; x_wconf 86' lang='lat' dir='ltr'><strong>habere.</strong></span> <span class='ocrx_word' id='word_1_210' title='bbox 989 1916 1200 1954; x_wconf 88' lang='lat' dir='ltr'><strong>Observavi</strong></span> <span class='ocrx_word' id='word_1_211' title='bbox 1220 1931 1372 1968; x_wconf 86' lang='lat' dir='ltr'><strong>quoque</strong></span> <span class='ocrx_word' id='word_1_212' title='bbox 1391 1918 1495 1955; x_wconf 87' lang='lat' dir='ltr'><strong>aliud</strong></span> <span class='ocrx_word' id='word_1_213' title='bbox 1515 1931 1647 1968; x_wconf 77' lang='lat' dir='ltr'><strong>agens,</strong></span> 
     </span>
     <span class='ocr_line' id='line_1_25' title="bbox 190 1975 1649 2030; baseline 0.003 -17"><span class='ocrx_word' id='word_1_214' title='bbox 190 1976 340 2027; x_wconf 84' lang='lat' dir='ltr'><strong>insigne</strong></span> <span class='ocrx_word' id='word_1_215' title='bbox 359 1975 556 2026; x_wconf 83' lang='lat' dir='ltr'><strong>utriusque</strong></span> <span class='ocrx_word' id='word_1_216' title='bbox 577 1976 756 2014; x_wconf 88' lang='lat' dir='ltr'><strong>editionis</strong></span> <span class='ocrx_word' id='word_1_217' title='bbox 778 1976 982 2015; x_wconf 87' lang='lat' dir='ltr'><strong>discrimen</strong></span> <span class='ocrx_word' id='word_1_218' title='bbox 1002 1978 1039 2014; x_wconf 89' lang='lat' dir='ltr'><strong>in</strong></span> <span class='ocrx_word' id='word_1_219' title='bbox 1058 1978 1198 2028; x_wconf 83' lang='lat' dir='ltr'><strong>pagina</strong></span> <span class='ocrx_word' id='word_1_220' title='bbox 1216 1979 1308 2016; x_wconf 86' lang='lat' dir='ltr'><strong>tomi</strong></span> <span class='ocrx_word' id='word_1_221' title='bbox 1328 1978 1439 2030; x_wconf 73' lang='lat' dir='ltr'><strong>priini</strong></span> <span class='ocrx_word' id='word_1_222' title='bbox 1466 1986 1649 2027; x_wconf 85' lang='lat' dir='ltr'><strong>extrema,</strong></span> 
     </span>
     <span class='ocr_line' id='line_1_26' title="bbox 193 2037 1650 2091; baseline 0.001 -14"><span class='ocrx_word' id='word_1_223' title='bbox 193 2042 285 2077; x_wconf 75' lang='lat'><strong>320.</strong></span> <span class='ocrx_word' id='word_1_224' title='bbox 307 2037 372 2076; x_wconf 88' lang='lat' dir='ltr'><strong>ubi</strong></span> <span class='ocrx_word' id='word_1_225' title='bbox 393 2045 661 2087; x_wconf 82' lang='lat' dir='ltr'><strong>argumentum</strong></span> <span class='ocrx_word' id='word_1_226' title='bbox 685 2038 836 2076; x_wconf 89' lang='lat' dir='ltr'><strong>Libanii</strong></span> <span class='ocrx_word' id='word_1_227' title='bbox 865 2038 913 2076; x_wconf 85' lang='lat' dir='ltr'><strong>ad</strong></span> <span class='ocrx_word' id='word_1_228' title='bbox 944 2039 1135 2077; x_wconf 87' lang='lat' dir='ltr'><strong>orationes</strong></span> <span class='ocrx_word' id='word_1_229' title='bbox 1161 2040 1254 2077; x_wconf 85' lang='lat' dir='ltr'><strong>duas</strong></span> <span class='ocrx_word' id='word_1_230' title='bbox 1280 2040 1317 2078; x_wconf 88' lang='lat' dir='ltr'><strong>in</strong></span> <span class='ocrx_word' id='word_1_231' title='bbox 1346 2040 1650 2091; x_wconf 85' lang='lat' dir='ltr'><strong>Aristogitonem</strong></span> 
     </span>
     <span class='ocr_line' id='line_1_27' title="bbox 191 2099 1650 2150; baseline 0.003 -14"><span class='ocrx_word' id='word_1_232' title='bbox 191 2099 347 2150; x_wconf 81' lang='lat' dir='ltr'><strong>legitur,</strong></span> <span class='ocrx_word' id='word_1_233' title='bbox 361 2099 465 2150; x_wconf 89' lang='lat' dir='ltr'><strong>quod</strong></span> <span class='ocrx_word' id='word_1_234' title='bbox 479 2106 746 2149; x_wconf 82' lang='lat' dir='ltr'><strong>argumentum</strong></span> <span class='ocrx_word' id='word_1_235' title='bbox 766 2099 900 2150; x_wconf 89' lang='lat' dir='ltr'><strong>incipit</strong></span> <span class='ocrx_word' id='word_1_236' title='bbox 916 2113 938 2138; x_wconf 87' lang='lat' dir='ltr'><strong>a</strong></span> <span class='ocrx_word' id='word_1_237' title='bbox 960 2100 1112 2138; x_wconf 89' lang='lat' dir='ltr'><strong>nomine</strong></span> <span class='ocrx_word' id='word_1_238' title='bbox 1128 2100 1398 2150; x_wconf 62' lang='grc' dir='ltr'>Πυθάγγελος.</span> <span class='ocrx_word' id='word_1_239' title='bbox 1419 2101 1495 2140; x_wconf 90' lang='lat' dir='ltr'><strong>hoc</strong></span> <span class='ocrx_word' id='word_1_240' title='bbox 1509 2115 1650 2140; x_wconf 87' lang='lat' dir='ltr'><strong>nomen</strong></span> 
     </span>
     <span class='ocr_line' id='line_1_28' title="bbox 193 2159 1648 2215; baseline 0.003 -17"><span class='ocrx_word' id='word_1_241' title='bbox 193 2167 323 2198; x_wconf 89' lang='lat' dir='ltr'><strong>totum</strong></span> <span class='ocrx_word' id='word_1_242' title='bbox 350 2166 511 2211; x_wconf 88' lang='lat' dir='ltr'><strong>apparet</strong></span> <span class='ocrx_word' id='word_1_243' title='bbox 532 2159 570 2196; x_wconf 87' lang='lat' dir='ltr'><strong>in</strong></span> <span class='ocrx_word' id='word_1_244' title='bbox 591 2159 643 2197; x_wconf 83' lang='lat' dir='ltr'><strong>A.</strong></span> <span class='ocrx_word' id='word_1_245' title='bbox 664 2161 786 2211; x_wconf 88' lang='lat' dir='ltr'><strong>prima</strong></span> <span class='ocrx_word' id='word_1_246' title='bbox 811 2161 939 2199; x_wconf 86' lang='lat' dir='ltr'><strong>littera</strong></span> <span class='ocrx_word' id='word_1_247' title='bbox 959 2178 985 2198; x_wconf 83' lang='grc' dir='ltr'>π</span> <span class='ocrx_word' id='word_1_248' title='bbox 1004 2162 1161 2200; x_wconf 87' lang='lat' dir='ltr'><strong>seorsim</strong></span> <span class='ocrx_word' id='word_1_249' title='bbox 1189 2161 1225 2199; x_wconf 91' lang='lat' dir='ltr'><strong>in</strong></span> <span class='ocrx_word' id='word_1_250' title='bbox 1253 2175 1344 2200; x_wconf 83' lang='lat' dir='ltr'><strong>area</strong></span> <span class='ocrx_word' id='word_1_251' title='bbox 1362 2176 1485 2201; x_wconf 87' lang='lat' dir='ltr'><strong>vacua</strong></span> <span class='ocrx_word' id='word_1_252' title='bbox 1510 2164 1648 2215; x_wconf 83' lang='lat' dir='ltr'><strong>posita.</strong></span> 
     </span>
     <span class='ocr_line' id='line_1_29' title="bbox 196 2221 1649 2274; baseline 0.003 -15"><span class='ocrx_word' id='word_1_253' title='bbox 196 2222 276 2259; x_wconf 86' lang='lat' dir='ltr'><strong>Sed</strong></span> <span class='ocrx_word' id='word_1_254' title='bbox 295 2221 333 2258; x_wconf 91' lang='lat' dir='ltr'><strong>in</strong></span> <span class='ocrx_word' id='word_1_255' title='bbox 354 2221 401 2259; x_wconf 88' lang='lat' dir='ltr'><strong>B.</strong></span> <span class='ocrx_word' id='word_1_256' title='bbox 421 2221 516 2258; x_wconf 90' lang='lat' dir='ltr'><strong>illud</strong></span> <span class='ocrx_word' id='word_1_257' title='bbox 536 2238 562 2257; x_wconf 84' lang='grc' dir='ltr'>π</span> <span class='ocrx_word' id='word_1_258' title='bbox 582 2234 660 2259; x_wconf 90' lang='lat' dir='ltr'><strong>non</strong></span> <span class='ocrx_word' id='word_1_259' title='bbox 681 2222 926 2273; x_wconf 88' lang='lat' dir='ltr'><strong>conspicitur.</strong></span> <span class='ocrx_word' id='word_1_260' title='bbox 947 2223 1060 2274; x_wconf 82' lang='lat' dir='ltr'><strong>plane</strong></span> <span class='ocrx_word' id='word_1_261' title='bbox 1082 2223 1187 2260; x_wconf 87' lang='lat' dir='ltr'><strong>nuda</strong></span> <span class='ocrx_word' id='word_1_262' title='bbox 1204 2223 1340 2262; x_wconf 87' lang='lat' dir='ltr'><strong>relicta</strong></span> <span class='ocrx_word' id='word_1_263' title='bbox 1360 2223 1425 2262; x_wconf 90' lang='lat' dir='ltr'><strong>illa</strong></span> <span class='ocrx_word' id='word_1_264' title='bbox 1444 2237 1545 2266; x_wconf 81' lang='lat' dir='ltr'><strong>area.</strong></span> <span class='ocrx_word' id='word_1_265' title='bbox 1567 2232 1649 2263; x_wconf 87' lang='lat' dir='ltr'><strong>tan-</strong></span> 
     </span>
     <span class='ocr_line' id='line_1_30' title="bbox 194 2281 1651 2333; baseline 0.003 -13"><span class='ocrx_word' id='word_1_266' title='bbox 194 2282 393 2321; x_wconf 87' lang='lat' dir='ltr'><strong>tummodo</strong></span> <span class='ocrx_word' id='word_1_267' title='bbox 415 2281 629 2331; x_wconf 64' lang='grc' dir='ltr'>υθάγγελος</span> <span class='ocrx_word' id='word_1_268' title='bbox 654 2283 809 2333; x_wconf 84' lang='lat' dir='ltr'><strong>legitur.</strong></span> <span class='ocrx_word' id='word_1_269' title='bbox 867 2284 967 2325; x_wconf 84' lang='lat' dir='ltr'><strong>Quia</strong></span> <span class='ocrx_word' id='word_1_270' title='bbox 996 2283 1086 2320; x_wconf 85' lang='lat' dir='ltr'><strong>mihi</strong></span> <span class='ocrx_word' id='word_1_271' title='bbox 1111 2284 1248 2321; x_wconf 89' lang='lat' dir='ltr'><strong>librum</strong></span> <span class='ocrx_word' id='word_1_272' title='bbox 1268 2284 1493 2322; x_wconf 89' lang='lat' dir='ltr'><strong>variantium</strong></span> <span class='ocrx_word' id='word_1_273' title='bbox 1520 2286 1651 2324; x_wconf 88' lang='lat' dir='ltr'><strong>demo-</strong></span> 
     </span>
     <span class='ocr_line' id='line_1_31' title="bbox 195 2343 1651 2394; baseline 0.002 -11"><span class='ocrx_word' id='word_1_274' title='bbox 195 2344 452 2383; x_wconf 86' lang='lat' dir='ltr'><strong>sthenicarum</strong></span> <span class='ocrx_word' id='word_1_275' title='bbox 472 2343 672 2382; x_wconf 85' lang='lat' dir='ltr'><strong>adornanti</strong></span> <span class='ocrx_word' id='word_1_276' title='bbox 693 2345 811 2382; x_wconf 87' lang='lat' dir='ltr'><strong>editio</strong></span> <span class='ocrx_word' id='word_1_277' title='bbox 833 2345 927 2382; x_wconf 85' lang='lat' dir='ltr'><strong>Aldi</strong></span> <span class='ocrx_word' id='word_1_278' title='bbox 941 2345 1125 2382; x_wconf 88' lang='lat' dir='ltr'><strong>vetustior</strong></span> <span class='ocrx_word' id='word_1_279' title='bbox 1141 2346 1190 2382; x_wconf 82' lang='lat' dir='ltr'><strong>ad</strong></span> <span class='ocrx_word' id='word_1_280' title='bbox 1211 2359 1343 2383; x_wconf 87' lang='lat' dir='ltr'><strong>manus</strong></span> <span class='ocrx_word' id='word_1_281' title='bbox 1364 2347 1534 2385; x_wconf 89' lang='lat' dir='ltr'><strong>nondum</strong></span> <span class='ocrx_word' id='word_1_282' title='bbox 1556 2356 1651 2394; x_wconf 88' lang='lat' dir='ltr'><strong>erat,</strong></span> 
     </span>
     <span class='ocr_line' id='line_1_32' title="bbox 198 2405 1651 2457; baseline 0.001 -12"><span class='ocrx_word' id='word_1_283' title='bbox 198 2406 367 2445; x_wconf 89' lang='lat' dir='ltr'><strong>nondum</strong></span> <span class='ocrx_word' id='word_1_284' title='bbox 387 2405 494 2456; x_wconf 90' lang='lat' dir='ltr'><strong>potui</strong></span> <span class='ocrx_word' id='word_1_285' title='bbox 512 2405 697 2444; x_wconf 87' lang='lat' dir='ltr'><strong>lectiones</strong></span> <span class='ocrx_word' id='word_1_286' title='bbox 718 2408 800 2457; x_wconf 86' lang='lat' dir='ltr'><strong>ejus</strong></span> <span class='ocrx_word' id='word_1_287' title='bbox 820 2406 857 2443; x_wconf 88' lang='lat' dir='ltr'><strong>in</strong></span> <span class='ocrx_word' id='word_1_288' title='bbox 878 2407 983 2444; x_wconf 87' lang='lat' dir='ltr'><strong>illum</strong></span> <span class='ocrx_word' id='word_1_289' title='bbox 1000 2407 1136 2443; x_wconf 83' lang='lat' dir='ltr'><strong>librum</strong></span> <span class='ocrx_word' id='word_1_290' title='bbox 1150 2407 1305 2445; x_wconf 86' lang='lat' dir='ltr'><strong>referre.</strong></span> <span class='ocrx_word' id='word_1_291' title='bbox 1345 2408 1508 2446; x_wconf 81' lang='lat' dir='ltr'><strong>Dabitur</strong></span> <span class='ocrx_word' id='word_1_292' title='bbox 1523 2416 1651 2448; x_wconf 87' lang='lat' dir='ltr'><strong>tamen</strong></span> 
     </span>
     <span class='ocr_line' id='line_1_33' title="bbox 199 2468 1654 2521; baseline 0.001 -13"><span class='ocrx_word' id='word_1_293' title='bbox 199 2482 319 2521; x_wconf 90' lang='lat' dir='ltr'><strong>opera</strong></span> <span class='ocrx_word' id='word_1_294' title='bbox 333 2475 375 2505; x_wconf 89' lang='lat' dir='ltr'><strong>ut</strong></span> <span class='ocrx_word' id='word_1_295' title='bbox 394 2468 659 2519; x_wconf 87' lang='lat' dir='ltr'><strong>discrepantes</strong></span> <span class='ocrx_word' id='word_1_296' title='bbox 681 2470 881 2521; x_wconf 85' lang='lat' dir='ltr'><strong>utriusque</strong></span> <span class='ocrx_word' id='word_1_297' title='bbox 901 2470 1089 2508; x_wconf 80' lang='lat' dir='ltr'><strong>iectiones</strong></span> <span class='ocrx_word' id='word_1_298' title='bbox 1110 2469 1314 2521; x_wconf 86' lang='lat' dir='ltr'><strong>diligenter</strong></span> <span class='ocrx_word' id='word_1_299' title='bbox 1334 2478 1501 2509; x_wconf 88' lang='lat' dir='ltr'><strong>enotatae</strong></span> <span class='ocrx_word' id='word_1_300' title='bbox 1520 2471 1558 2508; x_wconf 90' lang='lat' dir='ltr'><strong>in</strong></span> <span class='ocrx_word' id='word_1_301' title='bbox 1578 2486 1654 2510; x_wconf 82' lang='lat' dir='ltr'><strong>ma-</strong></span> 
     </span>
     <span class='ocr_line' id='line_1_34' title="bbox 198 2531 1650 2584; baseline 0.001 -15"><span class='ocrx_word' id='word_1_302' title='bbox 198 2531 296 2569; x_wconf 81' lang='lat' dir='ltr'><strong>teria</strong></span> <span class='ocrx_word' id='word_1_303' title='bbox 317 2541 414 2573; x_wconf 86' lang='lat' dir='ltr'><strong>mea,</strong></span> <span class='ocrx_word' id='word_1_304' title='bbox 441 2542 554 2580; x_wconf 82' lang='lat' dir='ltr'><strong>quam</strong></span> <span class='ocrx_word' id='word_1_305' title='bbox 576 2531 742 2581; x_wconf 83' lang='lat' dir='ltr'><strong>appello,</strong></span> <span class='ocrx_word' id='word_1_306' title='bbox 763 2531 898 2570; x_wconf 86' lang='lat' dir='ltr'><strong>critica</strong></span> <span class='ocrx_word' id='word_1_307' title='bbox 918 2532 1183 2578; x_wconf 79' lang='lat' dir='ltr'><strong>exhibeantur,</strong></span> <span class='ocrx_word' id='word_1_308' title='bbox 1204 2539 1243 2570; x_wconf 87' lang='lat' dir='ltr'><strong>ut</strong></span> <span class='ocrx_word' id='word_1_309' title='bbox 1260 2545 1375 2570; x_wconf 87' lang='lat' dir='ltr'><strong>causa</strong></span> <span class='ocrx_word' id='word_1_310' title='bbox 1391 2533 1573 2584; x_wconf 83' lang='lat' dir='ltr'><strong>deinceps</strong></span> <span class='ocrx_word' id='word_1_311' title='bbox 1592 2533 1650 2571; x_wconf 89' lang='lat' dir='ltr'><strong>fu-</strong></span> 
     </span>
    </p>
   </div>
   <div class='ocr_carea' id='block_1_8' title="bbox 200 2591 1650 2694">
    <p class='ocr_par' dir='ltr' id='par_1_8' title="bbox 200 2591 1650 2694">
     <span class='ocr_line' id='line_1_35' title="bbox 200 2591 1650 2647; baseline 0.002 -17"><span class='ocrx_word' id='word_1_312' title='bbox 200 2601 284 2630; x_wconf 85' lang='lat' dir='ltr'><strong>tura</strong></span> <span class='ocrx_word' id='word_1_313' title='bbox 302 2591 405 2628; x_wconf 84' lang='lat' dir='ltr'><strong>nulla</strong></span> <span class='ocrx_word' id='word_1_314' title='bbox 425 2591 485 2636; x_wconf 73' lang='lat' dir='ltr'><strong>sit,</strong></span> <span class='ocrx_word' id='word_1_315' title='bbox 509 2604 576 2629; x_wconf 86' lang='lat' dir='ltr'><strong>cur</strong></span> <span class='ocrx_word' id='word_1_316' title='bbox 597 2592 645 2629; x_wconf 87' lang='lat' dir='ltr'><strong>de</strong></span> <span class='ocrx_word' id='word_1_317' title='bbox 668 2593 890 2632; x_wconf 82' lang='lat' dir='ltr'><strong>Aldinarum</strong></span> <span class='ocrx_word' id='word_1_318' title='bbox 918 2607 1034 2646; x_wconf 84' lang='lat' dir='ltr'><strong>super</strong></span> <span class='ocrx_word' id='word_1_319' title='bbox 1065 2593 1355 2633; x_wconf 75' lang='lat' dir='ltr'><strong>demosthenico</strong></span> <span class='ocrx_word' id='word_1_320' title='bbox 1383 2608 1535 2647; x_wconf 75' lang='lat' dir='ltr'><strong>quoque</strong></span> <span class='ocrx_word' id='word_1_321' title='bbox 1562 2595 1650 2633; x_wconf 86' lang='lat' dir='ltr'><strong>loco</strong></span> 
     </span>
     <span class='ocr_line' id='line_1_36' title="bbox 202 2653 646 2694; baseline -0.002 -1"><span class='ocrx_word' id='word_1_322' title='bbox 202 2654 394 2694; x_wconf 79' lang='lat' dir='ltr'><strong>dubitetur</strong></span> <span class='ocrx_word' id='word_1_323' title='bbox 416 2653 646 2692; x_wconf 72' lang='lat' dir='ltr'><strong>testimonio.</strong></span> 
     </span>
    </p>
   </div>
  </div>
 </body>
</html>
