1824 3171
611 194 690 233 AD
721 194 1183 234 DEMOSTHENEM.
1559 201 1620 238 exi

174 301 315 353 Bryan.
357 299 551 336 Maussac.
572 311 607 348 p.
629 300 721 338 240.
764 298 892 336 Vales.
912 302 976 338 91.
1007 299 1196 349 Hermog.
1223 311 1260 350 p.
1284 302 1372 340 109.
1413 301 1467 339 H.
1489 301 1625 355 Steph.

175 363 247 400 Th.
267 362 312 399 L.
336 361 384 398 G.
407 359 454 396 T.
476 360 504 397 Ι.
527 359 600 396 col.
625 362 740 399 1606.
898 381 900 383 >

225 420 498 461 Demosthenis
519 421 717 471 Epistolae.
739 420 898 463 Quintil.
915 421 1071 471 praefert
1089 421 1289 460 Ciceronis
1305 422 1498 473 epistolas.
1518 424 1629 463 Stob.

171 498 207 534 p.
227 486 317 522 613.
358 482 468 519 Phot.
497 482 583 519 cod.
617 485 701 521 158.
747 481 908 533 Epistol.
933 483 1024 522 207.
1058 482 1219 520 Photius
1250 483 1297 521 de
1329 484 1548 536 Phrynicho
1577 485 1625 522 ad

171 543 517 582 Heracleodorum.
566 543 787 595 Olympiad.
817 543 908 581 MS.
936 541 1039 594 apud
1066 544 1255 583 Lambec.
1284 546 1377 583 bibl.
1400 547 1500 584 Caes.
1522 546 1569 583 L·
1586 548 1624 587 7.

169 619 206 656 p.
227 607 314 645 127.
345 604 544 642 Marianus
565 605 740 651 Criticus‚
763 608 871 654 cujus
890 605 1063 643 meminit
1084 606 1328 658 Phrynichus
1349 608 1445 645 libro
1467 607 1519 644 II.
1540 621 1625 645 ora-

169 666 253 703 torii
273 674 491 717 apparatus,
512 674 551 704 et
579 667 778 718 Excerpta
805 667 988 717 leguntur
1016 667 1054 705 in
1085 667 1212 705 Photii
1242 669 1490 711 bibliotheca,
1516 670 1628 707 Bruti

170 727 362 778 Epistolas
384 727 555 766 Platonis
576 736 615 766 et
646 728 920 766 Demosthenis
951 728 1098 779 scriptis
1127 730 1369 780 praeferebat.
1400 745 1436 768 v.
1464 731 1546 768 Nos
1577 731 1626 768 de

170 788 323 827 Criticis
349 790 565 829 Comment.
599 791 736 828 Pollux
757 793 796 828 2.
830 793 916 828 128.
949 790 1147 828 Maussac.
1179 792 1229 829 ad
1260 793 1454 844 Harpocr.
1473 807 1510 844 p.
1535 796 1626 832 185.

168 850 296 888 Vales.
316 865 354 901 p.
375 852 440 892 75.
463 855 551 890 101.
585 855 672 890 125.
705 856 793 892 195.
825 852 1015 902 Hermog.
1040 855 1132 891 250.
1155 856 1246 892 251.
1267 857 1359 893 252.
1381 858 1474 894 355.
1516 854 1625 892 Suid.

171 911 364 961 ἐρανίσας.
387 912 613 963 ἐργολάβος.
645 913 817 965 Etymol.
850 913 908 951 Μ.
931 927 969 964 p.
990 917 1082 953 369.
1108 918 1174 953 36.
1199 929 1268 967 pro
1294 916 1467 967 Lycurgi
1487 915 1627 954 liberis.

168 973 258 1012 793.
287 976 348 1011 14.
369 973 479 1023 φὲὀη.
510 974 619 1012 Suid.
641 974 677 1011 in
707 974 803 1020 Πόη.
835 974 965 1011 Schol.
997 974 1198 1026 Aristoph.
1226 976 1354 1027 Equit.
1385 981 1477 1017 603.
1509 977 1626 1015 Phot.

169 1036 256 1071 πόα.
297 1034 350 1073 H.
375 1035 506 1086 Steph.
529 1036 602 1073 Th.
624 1036 672 1074 L.
693 1036 743 1074 G.
768 1036 815 1074 T.
839 1036 869 1074 I.
891 1036 967 1074 col.
987 1039 1078 1074 282.
1136 1038 1309 1076 Dorville
1342 1039 1393 1077 ad
1426 1039 1626 1078 Chariton.

168 1109 207 1146 p.
228 1099 320 1134 649.

222 1158 414 1196 AEschinis
436 1159 619 1209 Epistolae
649 1159 792 1196 Shaw⁷s
816 1158 989 1197 Travels.
1021 1159 1267 1199 Valckenaer
1293 1162 1343 1200 ad
1371 1164 1555 1200 Ammon.
1585 1176 1622 1214 p.

168 1222 233 1259 56.
267 1221 460 1258 Meursius
476 1221 515 1258 in
532 1222 664 1259 Ἀλαί.

218 1281 393 1320 Exordia
407 1282 657 1321 Concionum.
680 1284 797 1321 Petit.
817 1297 854 1334 p.
871 1284 966 1324 277.
987 1283 1138 1322 Schott.
1156 1284 1236 1322 Vit.
1258 1285 1376 1325 Dem.
1399 1286 1446 1324 ad
1464 1287 1623 1338 Olymp.

170 1347 259 1382 103.
279 1347 317 1382 4.
347 1344 479 1382 Valcs.
501 1344 549 1382 ad
570 1345 762 1396 Harpocr.
784 1359 821 1395 p.
842 1348 1007 1384 10.119.
1033 1348 1121 1385 147.
1152 1346 1350 1385 Plutarch.
1372 1348 1420 1385 de
1442 1348 1491 1387 X.
1514 1349 1626 1388 Orat.

170 1405 384 1443 Robortell.
409 1406 572 1445 Emend.
592 1409 630 1445 2.
651 1411 689 1445 4.
711 1421 751 1458 p.
773 1409 841 1448 67.
861 1406 1050 1445 Valcken.
1068 1406 1115 1445 ad
1131 1408 1315 1447 Ammon.
1332 1423 1368 1459 p.
1388 1412 1453 1450 67.
1486 1410 1626 1448 Pollux

168 1471 206 1506 6.
230 1471 318 1506 143.
350 1468 516 1505 Casaub.
536 1468 586 1506 ad
614 1468 809 1519 Theophr.
831 1469 947 1506 Char.
973 1471 1061 1507 153.
1087 1472 1176 1508 154.
1195 1470 1265 1508 bis.
1298 1471 1495 1509 Maussac.
1518 1486 1557 1522 p.
1588 1476 1627 1511 5.

168 1532 235 1568 99.
257 1530 384 1567 Cicer.
401 1530 448 1567 ad
471 1531 594 1568 Attic.
619 1534 680 1569 16.
701 1535 738 1569 6.
761 1530 893 1568 Famil.
909 1534 946 1569 6.
967 1534 1029 1568 18.
1061 1531 1171 1568 Plato
1191 1532 1230 1568 in
1252 1533 1489 1571 Menexeno.
1512 1535 1627 1573 Fabr.

170 1590 216 1628 B.
240 1590 290 1628 G.
314 1590 361 1627 T.
385 1591 417 1627 1.
438 1591 476 1628 in
500 1592 610 1629 Dem.
634 1592 763 1630 Cicer.
784 1593 839 1630 ΙΙ.
863 1592 912 1629 de
939 1599 1092 1629 oratore
1118 1594 1303 1643 prooemia
1331 1595 1514 1634 facienda
1532 1610 1629 1647 prae-

170 1652 272 1703 cipit.
295 1652 405 1689 Idem
421 1652 459 1689 in
479 1653 574 1703 Epp.
595 1654 644 1690 ad
662 1654 783 1691 Attic.
798 1654 891 1691 dicit
909 1661 1129 1704 separatum
1145 1655 1290 1692 habere
1304 1656 1481 1694 volumen
1504 1671 1630 1708 prooe-

168 1713 344 1758 imorum,
359 1727 406 1750 ex
424 1727 499 1763 quo
515 1714 687 1765 deligere
703 1716 850 1753 solebat
865 1729 950 1752 cum
967 1716 1126 1767 aliquod
1143 1717 1371 1768 σύγγραμμα
1390 1717 1629 1758 instituisset.

222 1774 358 1812 Oratio
389 1775 570 1813 funebris.
612 1776 817 1814 Leontidae
849 1777 1095 1815 Chalcioecus
1129 1777 1237 1828 virgo
1274 1778 1508 1831 Hieronym.
1540 1781 1628 1819 adv.

166 1836 294 1875 Jovin.
310 1850 349 1888 p.
367 1840 454 1876 185.
477 1837 590 1875 Phot.
612 1839 700 1876 cod.
715 1841 806 1878 265.
828 1839 976 1876 Meurs.
999 1840 1085 1876 Att.
1106 1838 1220 1877 Lect.
1241 1843 1279 1878 6.
1297 1844 1357 1878 11.
1372 1845 1409 1878 4.
1430 1845 1491 1879 18.
1513 1842 1630 1882 Dem.

169 1891 217 1938 de
237 1913 391 1946 corona,
413 1900 544 1939 Vales.
566 1902 616 1939 ad
638 1902 758 1952 Harp.
779 1916 815 1953 p.
837 1905 874 1939 8.
905 1902 1094 1940 Valcken.
1110 1902 1160 1940 ad
1175 1902 1351 1940 Ammon.
1373 1917 1408 1954 p.
1429 1907 1492 1943 28.
1515 1905 1630 1943 Lect.

167 1962 264 2014 Lys.
286 1963 427 2000 Pollux
446 1965 485 2001 2.
509 1966 569 2002 14.
612 1963 818 2002 Νοὲεὑεται
844 1964 961 2002 Phot.
988 1979 1027 2015 p.
1058 1966 1123 2002 88.
1154 1964 1411 2002 Demostheni
1438 1967 1633 2015 abjudicat

168 2025 331 2076 Dionys.
354 2025 484 2063 Halic.
506 2042 546 2063 π.
566 2024 661 2076 Δημ.
681 2026 810 2064 δεινότ.
829 2040 866 2077 p.
889 2030 978 2068 178.
1002 2030 1091 2065 181.
1132 2026 1282 2064 Habita
1303 2027 1461 2079 Olymp.
1484 2029 1569 2066 CX.
1593 2032 1631 2067 3.

169 2086 367 2125 Plutarch.
389 2086 427 2124 in
448 2087 526 2126 Vit.
549 2087 666 2125 Dem.
689 2088 926 2138 Abjudicant
946 2089 1063 2127 Dion.
1088 2088 1217 2126 Halic.
1239 2088 1436 2134 Libanius‚
1457 2090 1633 2130 Photius.

169 2148 264 2187 Not.
286 2149 335 2187 ad
366 2149 513 2188 Polluc.
541 2153 578 2188 8.
608 2154 696 2189 llO.
731 2151 845 2191 Fabr.
869 2152 915 2191 B.
937 2151 989 2190 G.
1012 2151 1058 2189 T.
1080 2151 1116 2189 I.
1144 2151 1182 2188 in
1213 2151 1330 2189 Dem.
1354 2152 1561 2192 AEschines
1589 2168 1628 2206 p.

167 2213 262 2250 423.
280 2214 314 2249 l.

222 2273 358 2311 Oratio
378 2274 562 2312 amatoria
580 2287 650 2312 seu
670 2275 753 2313 laus
774 2275 981 2331 Epicratis.
1012 2275 1126 2313 Phot.
1145 2275 1243 2313 Cod.
1263 2278 1354 2315 265.
1386 2275 1632 2315 Valckenaer

168 2334 351 2373 Animad.
372 2349 410 2387 p.
431 2339 495 2375 58.
517 2340 582 2375 98.
627 2337 768 2375 Pollux
791 2341 830 2376 2.
863 2341 949 2376 122.
970 2341 1008 2377 3.
1038 2341 1127 2375 144.
1159 2337 1327 2376 Casaub.
1355 2338 1403 2376 ad
1433 2338 1633 2390 Theophr.

170 2397 286 2436 Char.
315 2411 355 2448 p.
389 2401 477 2437 119.
506 2398 714 2436 Νοὲεύεται
747 2399 909 2437 Photius
937 2413 973 2450 p.
1002 2402 1094 2437 801.
1133 2398 1297 2450 Dionys.
1328 2399 1460 2439 Halic.
1489 2400 1631 2440 Liban.

169 2458 299 2497 Vales.
321 2472 358 2510 p.
379 2462 470 2499 353.
527 2460 612 2498 Nos
632 2461 682 2498 ad
700 2461 840 2512 fragm.
861 2461 1002 2513 Lysiae.

222 2521 456 2572 [Sequentes
476 2522 669 2568 articulos,
692 2523 896 2562 AEschines
920 2524 1031 2561 Dem.
1052 2524 1132 2575 περὶ
1155 2539 1322 2575 παραπρ.
1343 2524 1477 2563 AEsch.
1501 2541 1541 2562 π.
1560 2541 1632 2563 πα-

165 2599 277 2634 ραπρ.
299 2583 429 2634 AEsgh.
451 2591 587 2622 contra
607 2585 781 2636 Ctesiph.
801 2585 851 2623 de
873 2586 1041 2630 Corona,
1066 2592 1202 2622 contra
1222 2585 1455 2624 Aristocrat.
1481 2587 1632 2625 cancel-

167 2645 312 2683 ,laverat
334 2645 493 2697 Taylor‚
515 2646 663 2684 dudum
692 2647 766 2685 illis
792 2660 884 2685 usus
907 2647 947 2685 in
968 2647 1225 2685 voluminibus
1246 2647 1364 2685 Dem.
1387 2661 1410 2686 a
1436 2661 1477 2687 se
1504 2649 1630 2688 editis.

169 2706 262 2745 item
283 2707 477 2752 articulos,
499 2716 635 2747 contra
655 2709 863 2748 Timocrat.
889 2722 923 2747 c.
946 2708 1142 2760 Aristogit.
1157 2709 1228 2748 sed
1248 2716 1385 2748 contra
1405 2710 1575 2749 Theocr.
1597 2724 1632 2749 c.

173 2769 315 2808 Eubul.
337 2785 370 2809 c.
392 2772 586 2819 Neaeram,
604 2786 684 2812 non
713 2773 963 2819 concellarat,
989 2773 1143 2812 tametsi
1170 2779 1298 2812 certus
1326 2787 1423 2819 sum,
1447 2787 1535 2813 eum
1560 2774 1633 2812 illis

175 2831 349 2870 omnibus
365 2835 445 2884 jam
464 2847 575 2872 usum
594 2848 678 2874 esse
697 2836 736 2873 in
756 2835 880 2880 editis,
902 2849 987 2887 quae
1007 2836 1067 2873 his
1086 2835 1125 2872 in
1143 2828 1376 2874 Adversariis
1397 2836 1606 2887 deposuit]

229 2892 375 2932 Contra
401 2895 638 2946 Apaturium.
672 2896 834 2936 Salmas.
861 2897 911 2935 de
932 2897 993 2934 M.
1013 2897 1059 2933 V.
1082 2911 1120 2948 p.
1141 2900 1205 2936 83.
1229 2901 1293 2936 88.
1319 2901 1406 2937 190.
1428 2901 1522 2937 393.
1540 2899 1632 2939 575.

173 2955 264 2992 690.
284 2957 376 2995 698.
396 2957 489 2998 711.
509 2965 585 2998 etc.
605 2960 697 3001 754.
729 2959 859 2998 Vales.
875 2959 925 2998 ad
940 2959 1135 3010 Harpocr.
1152 2973 1189 3010 p.
1206 2962 1266 2998 12.
1286 2963 1351 2999 54.
1371 2962 1436 2999 58.
1457 2962 1522 2998 89.
1541 2962 1631 2999 101.
