1824 3171
588 182 668 222 AD
699 178 1169 221 DEMOSTHENEM.
1555 182 1617 221 clv

152 287 386 340 exemplaris
419 285 641 324 Danesiani.
697 286 896 328 Quantum
924 295 976 322 ex
1005 283 1170 322 obscura
1206 284 1405 336 Herwagii
1439 286 1612 324 oratione

151 350 310 400 colligo,
341 359 403 385 res
428 347 482 385 sic
501 346 631 385 habet.
688 344 936 396 Herwagius,
965 358 1036 396 per
1057 345 1112 384 Io.
1130 345 1386 397 Sphyracten,
1407 355 1612 397 rogaverat

152 409 376 453 Danesium,
392 415 448 454 ut,
470 408 500 446 si
520 409 613 459 quid
630 408 794 446 haberet
811 407 894 458 opis
915 407 965 444 ad
986 408 1271 445 emendandum
1290 408 1609 455 Demosthenem,

146 471 186 510 id
206 469 412 508 conferret.
468 469 605 508 Motus
635 469 693 508 his
718 469 899 521 precibus
925 469 1117 507 Danesius
1142 468 1316 507 codicem
1337 470 1473 508 nescio
1494 483 1610 521 quem

149 530 424 570 Demosthenis
457 543 547 570 cum
578 532 725 569 Aldina
755 531 931 577 contulit,
965 543 1127 581 eamque
1157 531 1404 570 collationem
1434 531 1483 569 ad
1505 532 1609 569 Her-

145 593 311 644 wagium
331 593 444 631 misit.
502 594 581 632 Sed
601 608 648 632 ea
673 607 759 632 sero
780 593 884 631 venit
911 606 1026 644 opere
1051 595 1132 643 jam
1161 594 1353 632 absoluto.
1410 593 1610 631 Falluntur

145 668 241 706 ergo
260 655 327 693 viri
347 655 465 702 docti,
486 656 550 707 qui
578 657 793 707 perhibent,
825 655 1072 693 collationem
1105 656 1285 694 codicum
1307 669 1329 694 a
1351 656 1521 693 Danesio
1542 668 1608 693 ex-

144 730 349 755 cussorum
362 718 401 755 in
419 718 494 756 hac
515 719 779 769 Herwagiana
797 717 968 768 reperiri.
1025 717 1130 754 Nihil
1154 719 1238 767 ejus
1260 718 1312 756 ibi
1334 727 1403 763 est,
1422 730 1549 768 neque
1569 716 1608 753 in

143 778 349 829 vestigium
373 779 494 817 ullum
523 780 738 818 collationis
757 781 869 828 hujus
893 777 1124 816 Danesianae
1152 779 1281 823 incidi,
1302 780 1406 816 unde
1427 786 1494 817 aut
1515 792 1608 817 con-

142 847 277 886 staret,
294 847 360 878 aut
377 841 544 892 suspicio
565 841 690 879 saltim
706 848 945 886 nasceretur,
966 853 1043 891 qua
1062 847 1164 878 sorte
1185 854 1261 878 una
1281 841 1327 878 sit
1349 841 1414 878 illa
1434 840 1606 886 collatio,

141 915 286 953 quasve
306 902 345 939 in
361 915 494 941 manus
509 904 741 954 pervenerit.
798 904 900 941 Haec
917 903 966 940 de
985 903 1246 953 Herwagiana
1266 903 1469 941 sufficiant.
1510 902 1610 940 Ver-

141 964 260 1002 satior
279 965 309 1002 si
330 977 453 1002 essem
482 965 522 1002 in
550 965 710 1003 historia
729 965 895 1003 literaria
917 965 1059 1002 Saeculi
1076 965 1186 1001 XVI.
1203 972 1379 1016 poteram
1400 965 1462 1007 hic
1484 965 1605 1002 multo

142 1026 265 1077 plura,
288 1039 409 1076 eaque
431 1026 526 1064 scita
554 1040 679 1078 neque
700 1028 913 1078 injucunda
933 1027 982 1064 de
1012 1027 1077 1064 illo
1101 1027 1243 1072 Clario,
1266 1028 1327 1065 cui
1350 1028 1475 1065 Aldus
1495 1040 1605 1065 suum

144 1088 448 1125 Demosthenem
477 1089 696 1139 adscripsit,
719 1089 768 1126 de
791 1089 1106 1133 Carteromacho‚
1135 1089 1183 1125 de
1208 1089 1325 1126 Petro
1348 1090 1531 1134 Danesio,
1555 1089 1605 1126 de

141 1149 460 1198 Baumgartnero,
487 1149 718 1200 Sphyracte,
742 1150 940 1193 Reubero,
965 1149 1137 1199 Oporino
1165 1150 1313 1187 afferre.
1371 1153 1459 1192 Quo
1480 1151 1516 1186 in
1537 1164 1605 1200 ge-

140 1223 234 1248 nere
249 1209 352 1247 cives
369 1210 457 1256 mei,
471 1210 880 1261 Germani,gloriolam
896 1209 1093 1255 affectant,
1107 1211 1245 1248 exteris
1260 1211 1473 1249 ridiculam.
1504 1211 1605 1248 Mihi

137 1284 231 1309 vero
250 1270 446 1321 ingenium
474 1272 522 1309 ab
544 1271 732 1320 eiusmodi
762 1271 982 1316 sedulitate,
1004 1284 1081 1307 non
1102 1284 1255 1321 prorsus
1283 1272 1349 1311 illa
1369 1272 1527 1324 quidem
1545 1272 1602 1309 in-

136 1332 349 1382 fructuosa,
370 1346 499 1386 neque
518 1334 633 1385 plane
655 1333 955 1380 contemnenda,
976 1333 1174 1372 abhorret.

728 1511 898 1555 SECT.
930 1511 1015 1553 IV.

636 1619 698 1656 De
726 1620 879 1657 editione
909 1618 1097 1657 feliciani.

188 1721 332 1759 Vmuo
352 1733 456 1759 nune
472 1721 522 1759 ad
539 1721 762 1769 editionem,
781 1736 868 1774 quae
883 1722 1273 1761 Demosthenicarum
1287 1723 1457 1761 omnium
1477 1723 1598 1761 fertur

130 1784 293 1835 optima,
325 1791 365 1822 et
393 1785 716 1832 emendatissima,
752 1798 829 1836 qua
856 1785 961 1836 quod
991 1786 1202 1823 carendum
1227 1787 1320 1824 mihi
1348 1787 1464 1824 fuerit
1493 1799 1598 1837 aegre

130 1846 229 1891 fero.
287 1846 379 1883 Non
403 1847 538 1884 dubito
568 1847 726 1898 quidem
754 1860 840 1885 eam
871 1847 909 1883 in
943 1847 1016 1884 hac
1047 1848 1143 1885 urbe
1174 1861 1273 1893 esse,
1292 1849 1331 1885 in
1359 1848 1598 1886 bibliotheca

128 1908 198 1946 viri
219 1908 474 1954 celeberrimi,
496 1909 536 1945 in
555 1923 632 1960 qua
660 1916 807 1960 partem
839 1912 918 1957 ejus
948 1909 1103 1946 memini
1136 1910 1265 1948 multis
1287 1917 1376 1948 ante
1405 1910 1513 1947 annis
1541 1910 1596 1947 vi-

130 1969 236 2015 dere,
253 1970 323 2007 sed
336 1970 400 2008 ille
416 1983 438 2008 a
452 1984 514 2008 me
534 1978 694 2021 rogatus
710 1971 866 2021 negavit
887 1971 959 2008 sibi
980 1974 1060 2019 ejus
1081 1971 1228 2022 copiam
1247 1985 1343 2016 esse,
1361 1985 1594 2022 quacunque

126 2032 285 2068 tandem
306 2031 445 2069 ductus
471 2045 621 2078 caussa,
649 2033 698 2071 de
720 2047 797 2084 quo
824 2033 1018 2082 integrum
1045 2033 1182 2083 cuique
1213 2033 1260 2071 sit
1283 2047 1355 2084 pro
1376 2046 1445 2070 suo
1475 2046 1592 2070 sensu

129 2092 364 2131 existimare.
422 2092 620 2143 Quicquid
640 2096 722 2144 ejus
752 2101 824 2138 est,
846 2094 920 2131 hac
941 2093 1126 2138 editione,
1148 2094 1186 2131 in
1215 2095 1390 2132 curanda
1408 2107 1508 2139 mea,
1531 2107 1594 2132 ca-

129 2154 291 2192 rendum
311 2153 403 2190 mihi
421 2154 494 2191 fuit
513 2155 743 2200 necessario,
765 2155 831 2192 illa
849 2162 955 2205 puta,
978 2168 1065 2205 quae
1085 2155 1260 2192 Venetiis
1280 2168 1382 2193 anno
1406 2159 1522 2194 1543.
1544 2169 1592 2193 ex

129 2215 280 2253 officina
296 2215 492 2252 Francisci
508 2216 718 2265 Bruccioli,
734 2216 910 2253 informa
926 2221 1063 2253 octava
1082 2216 1200 2253 tribus
1220 2217 1476 2254 voluminibus
1497 2230 1593 2255 cura

129 2277 188 2315 Io.
211 2276 403 2314 Bernardi
422 2276 606 2313 Feliciani
626 2277 784 2327 prodiit.
842 2277 903 2314 Ex
923 2277 997 2315 hac
1018 2290 1119 2327 saepe
1139 2278 1262 2316 bonas
1281 2278 1590 2316 lectiones-Wolf

126 2339 285 2391 profert,
316 2339 510 2376 interdum
538 2339 788 2384 Felicianeam,
816 2339 879 2376 vel
903 2339 1137 2384 felicianum,
1165 2340 1259 2378 alias
1292 2341 1588 2387 Bruccz‘olensem‚

127 2401 190 2438 vel
212 2401 453 2446 Bruccz'olum,
474 2400 686 2450 appellans.
743 2401 1010 2450 Praeterquam
1030 2400 1136 2452 quod
1159 2402 1290 2439 multae
1320 2402 1415 2440 texti
1442 2403 1592 2441 Demo-

127 2461 291 2500 sthenici
319 2461 470 2499 mendae
496 2461 536 2497 in
565 2461 641 2500 hac
672 2461 843 2499 editione
872 2462 1090 2499 emendatae
1120 2469 1220 2508 sunt,
1242 2470 1281 2500 et
1308 2463 1348 2500 in
1376 2464 1505 2514 primis
1526 2465 1592 2502 illa

128 2522 322 2562 abnormis
337 2522 579 2573 perturbatio
597 2523 636 2560 in
654 2522 847 2574 prooemiis
867 2535 994 2560 rursus
1011 2523 1061 2560 ad
1075 2524 1249 2561 ordinem
1264 2532 1458 2571 revocata,
1472 2525 1591 2563 index

128 2597 283 2636 quoque
294 2583 521 2621 variantium
539 2584 708 2621 Aldinus
727 2591 864 2622 auctus
881 2590 919 2621 et
934 2584 1164 2622 emendatus
1187 2593 1259 2624 est.
1290 2587 1393 2625 Haec
1413 2587 1590 2626 universe

127 2646 256 2684 habeo
275 2659 401 2697 pauca
420 2645 469 2683 de
496 2645 571 2683 hac
593 2645 763 2684 editione
781 2659 866 2695 quae
886 2645 1012 2683 dicam
1032 2658 1080 2683 ex
1099 2647 1259 2684 aliorum
1279 2648 1370 2686 fide.
1428 2649 1489 2686 De
1511 2649 1590 2686 edi-

127 2707 232 2746 tione
266 2707 449 2746 Feliciani
479 2707 741 2746 testimonium
772 2706 917 2753 Wolfii,
953 2707 1058 2757 quod
1089 2707 1239 2758 insigne
1271 2716 1330 2747 est
1359 2709 1409 2747 ad
1444 2723 1588 2760 cogno-

126 2769 309 2808 scendam
324 2769 441 2820 ipsius
458 2770 590 2807 Wolfii
606 2769 828 2815 editionem,
845 2783 880 2806 v.
897 2783 932 2820 p.
951 2770 1016 2809 72.
1030 2769 1107 2807 col.
1124 2783 1158 2808 a.
1176 2770 1284 2809 initio
1299 2772 1588 2809 annotationum

129 2830 261 2868 Wolfii
281 2831 345 2881 (ad
365 2831 547 2881 prooemia
574 2830 894 2878 Demosthenica)
914 2837 956 2867 ut
977 2837 1016 2868 et
1035 2831 1074 2868 in
1094 2832 1256 2883 epistola
1274 2833 1398 2884 priore
1419 2834 1468 2870 ad
1489 2834 1591 2882 Fug-

129 2904 291 2943 gerum3
324 2892 428 2930 unde
464 2892 692 2943 intelligitur
727 2891 911 2929 Wolfium
949 2904 1117 2939 curasse,
1157 2900 1199 2930 ut
1238 2894 1499 2945 HerwagIana
1527 2906 1586 2930 se-

128 2952 266 3000 cunda,
288 2965 358 2991 seu
377 2953 513 3002 minor,
531 2953 570 2991 in
597 2960 746 3002 octavo,
767 2952 818 2992 ad
844 2951 1104 2992 Felicianeam
1133 2967 1334 3007 expressa,
1356 2967 1378 2992 a
1397 2967 1438 2992 se
1459 2966 1588 2992 emen-
