1824 3171
452 141 531 178 AD
562 141 650 179 ΕΙ).
682 141 972 180 DEMOSTH.
1006 142 1342 181 PARISINAM.
1537 143 1628 180 xxxi

187 243 302 284 Quod
323 243 353 279 si
374 245 456 292 ejus
475 244 763 294 occupationes,
795 253 835 283 ut
856 258 1004 283 summo
1026 249 1111 293 jure
1134 252 1326 296 poterant,
1347 245 1400 282 ita
1423 246 1493 284 boc
1523 247 1633 284 nobis

186 306 445 352 adjumentum
473 304 744 355 denegassent,
774 306 924 357 nisique
959 306 1065 357 quasi
1093 306 1248 356 quidam
1270 306 1462 343 Hercules
1484 307 1634 344 Atlanti

188 366 339 404 defesso
359 365 397 402 in
415 374 564 416 partem
584 367 723 404 laboris
743 368 1005 413 successisset,
1027 368 1216 419 profecto,
1238 374 1280 404 ut
1308 367 1474 416 ingenue
1500 367 1634 412 fatear,

186 434 328 464 tantam
349 427 495 477 negotii
517 428 654 466 molem
676 429 849 479 perferre
869 443 944 466 non
963 429 1183 480 potuissem.
1242 429 1338 466 Cum
1360 427 1474 478 igitur
1490 428 1638 478 Diony-

183 487 238 525 sio
268 488 458 526 Lambino
481 489 595 539 hujus
623 489 797 528 editionis
826 491 1011 528 absolutae
1030 504 1171 541 magna
1190 489 1313 540 gratia
1334 489 1533 533 debeatur,
1555 496 1635 525 tum

186 548 384 586 Gulielmo
407 549 573 588 Morelio
592 557 743 589 mortuo
763 552 868 589 nulla
896 552 986 590 satis
1006 552 1133 603 ampla
1151 552 1233 588 laus
1253 550 1369 588 tribui
1396 558 1537 601 potest,
1568 550 1635 600 qui

182 611 343 661 primurn
375 611 451 649 hoc
486 625 579 662 opus
609 626 715 650 orsus
742 620 823 651 est:
858 613 998 651 deinde
1030 614 1213 651 librorum
1235 620 1412 650 veterum
1441 611 1634 661 regiorum

182 685 254 722 ope
286 673 419 718 fretus,
449 673 606 724 Ulpiani
635 675 926 713 commentarios
956 675 1040 725 plus
1067 682 1200 725 quarta
1227 680 1337 725 parte
1367 679 1501 710 auctos
1527 672 1636 709 nobis

181 735 356 785 reliquit:
389 749 477 774 cum
506 744 650 786 praeter
670 737 906 787 diligentiam
935 744 974 775 et
1000 737 1223 774 industriam
1249 735 1341 772 nihil
1361 734 1408 772 de
1437 747 1506 772 suo
1525 733 1635 771 addi-

181 797 292 835 derit.
322 811 410 835 nam
447 798 624 849 quicquid
655 799 825 836 additum
853 807 925 844 est,
961 799 1134 837 additum
1162 811 1210 836 ex
1237 797 1341 835 libris
1371 795 1636 846 manuscriptis

181 859 316 909 quibus
336 859 373 896 in
393 861 710 910 recognoscendo
731 860 999 899 Demosthene
1029 873 1122 899 usus
1152 867 1235 898 est:
1266 872 1312 896 ex
1335 858 1473 909 quibus
1502 870 1635 894 omnes

180 921 378 972 scripturae
396 923 600 960 varietates
620 923 659 960 in
680 923 892 973 marginem
919 923 1031 960 unius
1055 922 1219 973 exempli
1243 919 1478 971 Hervagiani
1498 918 1638 956 fidelis-

181 985 274 1022 sime
301 986 557 1030 transtulerat,
590 985 771 1036 idemque
791 993 829 1023 et
849 986 888 1022 in
908 985 1035 1023 multis
1055 985 1137 1023 aliis
1158 984 1273 1029 libris,
1294 990 1499 1032 antequam
1520 993 1539 1017 e
1560 980 1636 1017 vita

180 1047 403 1092 decederet,
419 1047 578 1092 fecerat,
597 1056 635 1084 et
656 1047 693 1083 in
709 1047 878 1097 pluribus
894 1047 1067 1085 facturus
1088 1054 1183 1092 erat,
1204 1045 1235 1083 si
1251 1045 1328 1082 vita
1343 1042 1634 1094 suppeditasset.

178 1110 310 1150 Quare
340 1109 511 1145 omnium
531 1109 720 1145 bonorum
745 1109 876 1146 favore
897 1109 1035 1158 dignus
1064 1115 1158 1153 erat,
1179 1107 1243 1157 qui
1272 1113 1421 1143 tantum
1451 1103 1633 1148 studium,

180 1177 401 1219 tantamque
429 1169 652 1207 industriam
672 1169 718 1207 ad
739 1176 907 1207 vetustos
928 1169 1084 1207 codices
1105 1168 1210 1218 quasi
1230 1180 1251 1204 e
1277 1166 1352 1204 situ
1372 1164 1573 1209 eruendos,
1595 1171 1635 1201 et

181 1244 227 1269 ex
248 1244 376 1268 eorum
394 1231 623 1268 auctoritate
644 1231 820 1281 vulgatos
838 1230 1097 1269 restituendos
1118 1227 1355 1267 conferebat.

234 1293 350 1336 Quod
370 1294 419 1331 ad
440 1293 716 1331 Demosthenis
735 1293 870 1331 laudes
899 1293 1048 1337 attinet,
1071 1291 1254 1329 ridiculus
1275 1301 1367 1327 sane
1387 1300 1525 1332 essem,
1545 1285 1575 1324 si
1596 1286 1634 1322 in

180 1361 288 1392 tanto
309 1361 459 1392 oratore
479 1354 672 1392 laudando
691 1355 844 1392 inanem
865 1367 1022 1405 operam
1041 1352 1106 1390 hic
1127 1364 1279 1389 sumere
1299 1350 1450 1388 vellem.
1509 1347 1637 1386 Satius

178 1416 279 1453 enim
300 1424 358 1454 est
385 1417 433 1453 de
458 1430 504 1454 eo
532 1424 677 1463 tacere,
699 1430 813 1468 quam
841 1428 963 1467 pauca
980 1415 1126 1459 dicere,
1146 1413 1320 1463 ejusdem
1340 1418 1468 1449 tamen
1490 1410 1634 1460 aliquot

179 1478 305 1528 elogia
335 1492 382 1516 ex
403 1478 595 1516 veteribus
616 1486 753 1523 sumta,
775 1479 814 1515 in
844 1477 980 1528 quibus
1003 1474 1229 1526 colligendis
1251 1473 1361 1511 nobis
1382 1484 1538 1523 operam
1566 1484 1633 1508 na-

176 1541 277 1578 vavit
294 1541 346 1578 D,
368 1540 594 1586 Lambinus,
614 1540 859 1591 subjecimus.

228 1603 338 1648 Vale,
358 1603 481 1641 lector
506 1602 708 1648 benevole,
738 1610 777 1640 et
808 1601 838 1639 si
860 1600 950 1653 quid
969 1601 1070 1638 bene
1089 1598 1138 1637 de
1167 1598 1242 1636 tuis
1272 1596 1407 1635 studiis
1426 1607 1631 1640 meremur,

176 1665 341 1703 vicissim
363 1665 461 1702 fave.
1191 1700 1193 1704 Α

229 1728 321 1766 Hoc
342 1735 482 1773 autem,
506 1727 628 1765 lector
648 1726 808 1771 erudite,
830 1724 1095 1763 admonendus
1116 1736 1169 1767 es,
1199 1735 1285 1759 cum
1313 1719 1502 1758 Mox-elius
1524 1725 1630 1765 octo,

173 1798 214 1828 ut
233 1790 323 1835 dixi,
354 1790 551 1828 codicibus
580 1790 619 1826 in
649 1787 972 1839 recognoscendo
993 1785 1263 1824 Demosthene
1294 1796 1384 1820 usus
1415 1781 1474 1826 sit,
1503 1793 1567 1818 eos
1589 1779 1632 1816 li-

175 1852 266 1891 teris
282 1852 417 1902 graecis
438 1852 475 1888 in
492 1852 664 1902 margine
685 1851 798 1900 hujus
820 1849 998 1887 editionis
1013 1845 1229 1898 significari,
1252 1844 1359 1883 verbi
1376 1842 1511 1894 gratia,
1532 1854 1631 1879 unus

171 1914 409 1965 significatur
426 1914 538 1952 litera
557 1931 592 1950 α.
614 1914 709 1951 alius
736 1913 847 1950 litera
865 1911 907 1960 β.
935 1911 1028 1949 alius
1053 1910 1161 1946 litera
1182 1925 1220 1957 γ.
1251 1914 1290 1945 et
1311 1906 1365 1944 sic
1386 1905 1432 1944 de
1459 1904 1630 1955 reliquiS.

177 1977 368 2014 Caeterum
389 1982 491 2013 notae
514 1976 742 2026 marginales
761 1973 997 2025 respondent
1015 1971 1125 2016 notis,
1154 1983 1240 2020 quae
1259 1976 1346 2006 sunt
1374 1968 1411 2004 in
1433 1973 1630 2005 contextu.

175 2040 316 2083 Voces,
353 2052 438 2089 quae
467 2038 714 2076 includuntur
740 2035 961 2087 hujusmodi
992 2033 1188 2078 obelisco*‚
1221 2038 1259 2069 et
1287 2029 1505 2080 hujusmodi
1539 2035 1631 2065 nota

171 2100 392 2151 apostrophi
419 2102 441 2145 ’,
470 2100 738 2137 desiderantur
762 2099 801 2135 in
829 2097 932 2134 libris
960 2109 1028 2133 sua
1056 2095 1165 2132 litera
1193 2091 1426 2143 significatis.
1484 2090 1629 2138 Hujus-

172 2163 277 2200 modi
298 2170 427 2200 autem
454 2161 658 2199 asteriscus
675 2164 697 2186 *Ε
727 2160 884 2204 indicat,
905 2171 1038 2196 vocem
1059 2155 1121 2194 vel
1149 2168 1266 2193 voces
1296 2153 1447 2191 additas
1477 2165 1560 2189 esse
1589 2151 1627 2188 in

173 2225 357 2275 margine,
388 2237 474 2273 quae
495 2223 634 2260 absunt
663 2224 711 2260 ab
732 2222 814 2260 aliis
842 2220 1040 2259 codicibus
1068 2231 1142 2255 non
1173 2215 1409 2267 significatis.
1467 2213 1628 2250 Numeri

172 2287 235 2337 qui
257 2294 347 2324 sunt
366 2286 416 2324 ad
435 2285 647 2335 marginem
677 2282 1049 2327 commentariorum,
1074 2279 1307 2330 respondent
1333 2276 1500 2314 numeris
1529 2276 1627 2313 indi-

174 2349 294 2394 cibus,
324 2348 495 2399 quisunt
515 2348 564 2385 ad
594 2347 804 2397 marginem
832 2350 1050 2383 contextus.
1108 2341 1257 2379 Multas
1287 2338 1485 2389 scripturae
1505 2337 1629 2375 varie-

172 2419 287 2460 tates,
309 2418 348 2448 et
367 2409 701 2454 dissimilitudines,
724 2415 862 2459 praeter
884 2420 961 2452 eas,
988 2418 1075 2456 quae
1106 2410 1192 2442 sunt
1215 2403 1253 2440 in
1281 2400 1452 2451 margine
1472 2399 1568 2445 libri,
1588 2399 1626 2435 in

173 2474 279 2511 calce
299 2472 508 2524 posuimus,
531 2479 570 2509 et
590 2485 677 2509 curn
699 2471 768 2515 eis,
791 2469 821 2508 si
842 2482 916 2519 qua
945 2474 1070 2506 errata
1100 2477 1301 2516 operarum
1323 2461 1541 2500 humanitus
1560 2461 1626 2499 ad-

171 2536 285 2573 missa
316 2543 418 2580 sunt,
453 2547 586 2572 eorum
622 2533 911 2572 emendationes
945 2529 1229 2581 conjunximus.
1287 2527 1429 2564 Iterum
1457 2524 1555 2570 vale,
1586 2530 1625 2560 et

173 2611 241 2636 nOS
259 2611 357 2636 alna·
