1824 3171
140 113 217 150 xliv
433 120 437 123 ·
572 107 902 146 HIERONYMI
932 107 1134 145 WOLFII

138 218 284 262 potest:
306 211 379 260 eg'o
391 209 544 260 quidem
560 222 796 260 nequaquam
812 209 850 246 id
865 209 955 246 mihi
970 221 1124 258 arrogo:
1145 205 1376 256 sed'quoties
1392 216 1470 242 rem
1486 214 1575 241 cum

139 286 179 311 re
209 271 378 316 confero,
410 279 447 308 et
468 271 592 308 animo
622 283 708 308 meo
728 271 939 321 perpendo,
966 277 1113 307 tantum
1140 269 1323 305 interesse
1342 266 1452 303 video
1480 265 1576 301 inter

140 346 264 371 meam
281 339 319 370 et
335 331 675 369 Demosthenicam
695 331 912 375 orationem,
930 338 1113 381 quantum
1133 328 1301 365 interfuit
1321 327 1416 364 inter
1433 327 1576 363 Demo-

140 395 315 432 sthenem
342 393 534 430 dicentem
551 399 590 430 et
609 392 849 437 scribentem,
871 392 943 429 hoc
964 399 1034 435 est,
1055 391 1153 427 inter
1173 390 1359 426 viventem
1379 395 1418 424 et
1437 392 1579 423 mortu-

141 469 220 493 um.
275 454 414 504 Neque
435 454 533 490 enim
552 453 706 490 dubium
733 466 814 490 esse
831 453 960 497 debet,
983 465 1065 490 eam
1081 451 1197 488 fuisse
1218 462 1292 486 non
1311 448 1424 485 modo
1444 447 1580 484 dexte-

139 516 291 554 ritatem
319 521 358 552 et
383 522 516 559 artem,
541 514 610 552 sed
635 514 858 552 suavitatem
887 514 998 552 etiam
1019 520 1056 550 et
1075 510 1364 554 vehementiam,
1386 522 1470 546 eam
1489 508 1576 551 vim,

140 591 228 615 eum
243 577 425 626 impetum
442 576 599 613 actionis
616 583 654 614 et
669 574 987 626 pronunciationis
1002 571 1325 615 Demosthenicae,
1342 576 1384 607 ut
1402 582 1473 606 nec
1494 568 1579 604 ullis

143 638 416 689 comprehendi
436 637 565 682 literis,
593 651 665 675 nee
691 650 714 675 a
740 637 861 681 nobis,
889 636 926 674 in
952 636 1023 673 hac
1045 636 1358 685 (quantacunque
1377 631 1492 679 vulgo
1512 641 1581 678 pu-

142 699 260 746 tetur)
278 699 506 750 eloquentiae
534 699 709 736 nostratis
734 698 922 742 barbarie,
951 697 1010 734 vel
1039 694 1213 744 intelligi,
1233 693 1294 730 vel
1315 690 1472 741 cogitari
1491 688 1581 726 satis

141 763 189 800 ab
210 762 286 799 ullo
306 761 434 812 possit.
492 761 581 798 Hoc
600 767 758 798 testatus
789 767 847 797 est
873 759 953 809 ipse
982 757 1093 795 etiam
1119 754 1416 793 Demosthenes.
1437 763 1513 802 qua
1532 750 1581 788 de

142 836 185 860 re
205 830 362 873 praestat
387 822 518 860 audire
537 822 779 867 Ciceronem,
801 820 864 871 qui
883 817 1130 884 praeceptioni
1151 815 1294 860 decori,
1313 815 1408 852 libro
1431 813 1479 850 de
1499 824 1583 850 ora-

141 891 227 921 tore
242 883 368 928 tertio‚
387 883 470 919 liaec
484 883 601 919 verba
620 881 798 931 subjicit.
822 879 899 918 Sed
917 879 1028 916 haec
1021 891 1103 928 ipsa
1116 875 1265 927 (inquit)
1286 874 1411 913 omnia
1425 872 1585 924 perinde

143 952 245 989 sunt,
276 951 318 981 ut
337 951 527 994 aguntur:
557 942 671 988 actio,
697 942 864 992 inquam,
891 941 929 978 in
958 939 1123 977 dicendo
1148 950 1223 975 una
1251 935 1477 979 dominatur,
1504 933 1584 970 sine

142 1007 216 1044 hac
248 1019 414 1043 summus
448 1012 575 1043 orator
605 1017 689 1042 esse
717 1003 756 1040 iu
786 1014 942 1040 numero
972 1001 1076 1038 nullo
1109 1006 1256 1067 potest:
1287 995 1492 1035 mediocris
1510 993 1584 1032 hae

141 1068 359 1110 instructus,
392 1079 557 1103 summos
589 1077 688 1114 saepe
717 1075 908 1114 supeiare.
968 1062 1073 1099 Huic
1100 1061 1240 1111 primas
1269 1057 1419 1096 dedisse
1441 1056 1586 1093 Demo-

144 1128 298 1166 sthenes
319 1128 470 1170 dicitur‚
492 1139 607 1177 quum
637 1132 848 1175 rogaretur,
878 1124 970 1175 quid
1000 1124 1036 1160 in
1070 1121 1234 1160 dicendo
1273 1125 1373 1158 esset
1408 1117 1582 1168 primum,

142 1190 233 1228 huic
262 1189 464 1235 secundas,
492 1188 580 1225 huic
608 1187 750 1225 tertias.
807 1188 893 1229 Quo
914 1185 1003 1222 mihi
1022 1185 1155 1222 melius
1185 1183 1299 1221 etiam
1329 1180 1421 1217 illud
1445 1179 1492 1216 ab
1514 1177 1583 1214 ΞΕ-

145 1254 278 1291 schine
311 1253 457 1289 dictum
485 1249 603 1287 videri
631 1249 741 1293 solet,
764 1247 840 1298 qui,
860 1261 974 1298 quum
1007 1253 1160 1297 propter
1189 1242 1431 1295 ignominiam
1452 1239 1587 1289 judicii

144 1316 319 1352 cessisset
339 1312 518 1357 Athenis,
538 1317 693 1360 rogatus
713 1323 735 1346 a
755 1308 926 1353 Rhodiis,
953 1308 1091 1358 legisse
1110 1307 1229 1344 fertur
1247 1306 1349 1342 illam
1376 1303 1586 1340 orationem

145 1376 352 1425 egregiam,
375 1386 489 1423 quam
518 1373 556 1408 in
586 1370 877 1419 Ctesiphontem
911 1377 1044 1406 eontra
1074 1367 1379 1405 Demosthenem
1410 1364 1584 1401 dixerat:

145 1450 220 1487 qua
243 1436 426 1486 perlecta,
447 1433 604 1484 petitum
633 1439 691 1468 est
721 1432 768 1467 ab
796 1443 841 1467 eo
870 1430 1067 1480 postridie,
1092 1436 1135 1465 ut
1162 1429 1312 1478 legeret
1336 1426 1438 1462 illam
1459 1425 1586 1485 etiam,

145 1511 230 1549 quae
252 1504 332 1534 erat
351 1502 483 1533 contra
505 1508 528 1532 a
548 1492 813 1532 Demosthene
836 1504 906 1542 pro
937 1490 1187 1540 Ctesiphonte
1208 1488 1333 1525 edita.
1364 1499 1478 1537 quam
1498 1482 1586 1523 cuin

145 1559 365 1597 suavissima
384 1563 422 1595 et
440 1556 604 1593 maxima
622 1568 718 1593 voce
738 1553 908 1603 legisset,
936 1551 1207 1589 admirantibus
1237 1549 1434 1587 omnibus:
1457 1549 1589 1590 Quan-

147 1628 201 1664 to,
216 1619 347 1669 inquit,
365 1618 484 1668 magis
504 1614 793 1658 admiraremini,
816 1614 846 1650 si
866 1614 988 1664 ipsum
1008 1612 1198 1650 dicentem
1219 1609 1446 1648 audissetis?
1501 1611 1588 1651 Quo

149 1681 239 1718 satis
260 1679 481 1730 significavit
501 1685 684 1728 quantum
704 1682 804 1713 esset
828 1675 866 1712 in
891 1674 1067 1713 actione:
1098 1673 1161 1724 qui
1182 1671 1389 1710 orationem
1414 1671 1589 1716 eandem,

148 1743 259 1781 aliam
280 1755 362 1779 esse
382 1747 548 1791 putaret,
564 1746 696 1776 actore
712 1743 870 1774 mutato.
918 1736 1117 1773 Hactenus
1132 1735 1281 1772 Cicero.
1329 1731 1440 1775 Quod
1461 1732 1490 1770 si
1511 1741 1591 1770 tan-

147 1811 207 1841 tus
229 1810 354 1841 orator
374 1801 584 1845 AEschines,
605 1813 682 1850 quo
701 1798 803 1835 idem
825 1798 962 1835 Cicero
990 1797 1082 1834 nihil
1102 1795 1260 1833 divinius
1288 1807 1401 1845 posse
1430 1794 1591 1844 cogitari

148 1865 303 1903 asserit:
334 1876 444 1914 quem
473 1861 644 1899 inimicus
666 1860 944 1898 Demosthenes
965 1872 988 1896 a
1015 1857 1278 1908 magnitudine
1306 1855 1407 1893 vocis
1426 1859 1589 1905 μεγαλο-

149 1929 358 1977 ψωνότατον
377 1923 556 1974 appellat,
581 1923 764 1972 imparem
784 1934 825 1958 se
843 1920 984 1957 fatetur
1010 1918 1238 1969 eloquentiae
1260 1917 1587 1963 Demosthenicae,

149 1987 240 2037 quid
261 1987 309 2024 de
330 1985 442 2022 mutis
462 1984 580 2021 literis
601 1990 659 2021 est
679 1982 907 2020 dicendum:
937 1995 1023 2032 quae
1043 1982 1166 2019 solum
1186 1979 1442 2017 inventionem
1457 1986 1496 2016 et
1516 1979 1592 2017 dis-

147 2048 375 2099 positionem
402 2046 569 2083 reddunt
596 2045 783 2094 integram
801 2056 810 2080 ι
840 2043 909 2081 sed
928 2043 1196 2086 elocutionem,
1218 2055 1303 2092 quae
1322 2041 1403 2078 sine
1423 2054 1590 2091 pronun-

151 2109 313 2146 ciatione
333 2120 441 2145 suum
462 2106 556 2143 tueri
571 2106 632 2143 vix
651 2118 788 2143 nomen
805 2111 943 2154 potest,
965 2102 1182 2141 dimidiam?
1240 2103 1372 2151 Itaque
1393 2102 1505 2151 longe
1521 2102 1593 2139 fal-

152 2170 290 2213 luntur,
308 2168 383 2218 qui,
402 2167 573 2217 legendis
588 2166 786 2204 Ciceronis
802 2173 840 2202 et
854 2164 1130 2203 Demosthenis
1149 2163 1384 2213 aliorumque
1405 2170 1593 2201 oratorum

153 2230 314 2280 scriptis,
336 2242 375 2266 se
395 2236 514 2266 totam
533 2228 690 2265 heroum
710 2227 858 2263 illorum
887 2225 1143 2274 eloquentiam
1172 2224 1505 2274 comprehendisse
1523 2239 1592 2276 pu-

153 2299 258 2330 tant:
279 2291 399 2327 multo
419 2289 620 2340 ineptiores
641 2294 740 2332 sunt,
761 2287 824 2337 qui
844 2300 884 2323 se
899 2286 971 2323 illis
991 2299 1065 2323 una
1084 2293 1197 2335 atque
1218 2285 1434 2322 alteraorati
1456 2287 1592 2324 uncula

154 2352 321 2390 nitidulis
355 2351 477 2388 verbis
516 2357 555 2387 ct
586 2348 832 2392 sententiolis,
866 2347 1130 2385 lucubratione
1163 2346 1368 2383 multorum
1407 2359 1592 2385 annorum

157 2413 326 2465 quamvis
345 2412 445 2450 belle
465 2411 704 2453 concinnata,
725 2422 800 2446 non
820 2422 929 2459 pares
949 2408 1073 2453 modo,
1094 2408 1162 2445 sed
1183 2408 1397 2458 superiores
1419 2409 1542 2455 etiam,
1563 2410 1594 2448 si

157 2476 242 2513 Diis
262 2475 401 2525 placet,
425 2486 508 2510 esse
529 2473 736 2522 opinantur.
808 2470 956 2520 Longe,
985 2471 1112 2520 longe,
1145 2470 1310 2520 inquam,
1341 2470 1413 2507 alia
1440 2484 1500 2508 res
1522 2479 1592 2517 est,

157 2549 269 2587 quam
297 2535 428 2584 vulgus
452 2533 645 2570 hominum
676 2531 878 2578 existimet,
912 2531 1136 2581 eloquentia.
1211 2531 1327 2578 Cujus
1358 2532 1469 2568 etiam
1497 2546 1592 2582 prae-

159 2596 386 2635 stantissima
404 2607 565 2645 quaeque
591 2594 733 2645 scripta
757 2592 847 2643 quid
879 2592 981 2630 aliud
1011 2600 1110 2637 sunt,
1138 2605 1250 2642 quam
1282 2593 1359 2629 vita
1387 2600 1426 2630 et
1458 2594 1592 2644 spiritu

159 2658 339 2703 carentia,
369 2670 489 2706 eaque
522 2655 653 2692 mutila
684 2654 910 2692 simulacra?
966 2654 1073 2698 Esto,
1107 2661 1145 2691 ut
1177 2654 1212 2690 in
1233 2667 1392 2704 corpore
1413 2655 1590 2701 humano,

161 2727 277 2770 caput
298 2726 336 2756 et
356 2730 500 2754 summa
525 2716 704 2766 pectoris,
724 2729 807 2765 quae
829 2715 988 2765 Apelles
1004 2715 1040 2751 in
1060 2715 1252 2752 celebrata
1273 2715 1333 2752 illa
1354 2728 1420 2752 sua
1440 2716 1591 2755 Venere

160 2779 381 2833 politissima
399 2785 480 2815 arte
500 2777 674 2827 perfecit,
695 2776 876 2825 reliquam
898 2783 1041 2825 partem
1072 2776 1239 2825 corporis
1267 2775 1475 2814 inchoatam
1506 2778 1591 2815 reli-

161 2843 263 2894 quit:
294 2840 348 2878 sie
366 2839 531 2878 inventio
545 2846 584 2876 ct
604 2837 797 2889 dispositio
813 2837 964 2887 reliquis
983 2837 1161 2875 orationis
1181 2837 1364 2887 partibus,
1381 2839 1410 2875 si
1431 2852 1490 2877 res
1509 2839 1590 2891 ipsa
