1824 3171
197 182 323 220 clxviii
645 183 855 224 REISKII
888 183 1081 224 PRAEFA
1093 185 1185 224 TlO

198 282 334 320 alienae
353 282 442 321 fidei
459 284 715 324 committere.
773 288 966 338 Quicquid
986 296 1045 326 est
1065 287 1287 338 grandibus,
1302 286 1639 339 pulcherrimisque

196 351 236 381 et
255 344 357 382 lectu
376 345 599 395 planissimis
618 348 737 385 literis
758 358 817 387 est
836 340 938 387 totus
959 358 1147 388 exaratus.
1168 349 1235 387 nisi
1255 350 1355 399 quod
1383 358 1639 388 atramentum

195 405 421 457 plerumque
437 407 618 445 flavescit.
631 423 706 459 quo
722 411 765 448 fit
785 419 823 448 ut
843 411 891 448 ad
912 411 1105 448 lucernam
1122 411 1265 461 legenti
1284 412 1374 448 nihil
1396 412 1638 461 perspicuum

194 475 389 516 appareat.
453 468 513 505 De
542 481 653 507 sensu
687 471 847 521 quisque
877 485 946 508 suo
975 472 1130 521 quidem
1164 472 1271 508 testis
1305 478 1361 509 est
1393 473 1637 511 certissimus.

195 527 293 576 Ego,
311 528 374 577 qui
395 540 526 577 parum
546 531 664 567 oculis
683 532 842 577 valeam,
865 540 903 570 et
924 533 1054 570 nescio
1075 546 1123 569 an
1138 533 1260 569 minus
1279 533 1405 578 etiam,
1421 547 1535 584 quam
1555 535 1638 584 ipse

195 588 313 633 Wolf,
334 588 380 625 de
400 589 460 626 die
481 596 607 628 tamen
627 592 728 629 hunc
762 594 1030 643 Augustanum
1061 594 1248 639 codicem,
1267 595 1529 632 ducentesimo
1556 597 1638 633 fere

193 656 281 700 post
299 656 472 699 quartam
493 651 720 690 WVolfianam
743 653 1012 691 Demosthenis
1039 654 1244 691 editionem
1271 668 1383 700 anno,
1403 656 1479 705 legi
1501 656 1640 706 planis-

195 710 301 748 sime.
343 710 499 748 Scholia
518 720 643 750 autem
660 715 758 752 illius
775 715 918 753 codicis
938 722 1026 752 sunt
1042 715 1106 752 illa
1121 716 1274 765 quidem
1292 717 1338 753 ab
1356 718 1493 754 eadem
1507 730 1637 763 manu,

194 772 312 810 literis
331 773 380 809 ad
399 773 559 810 formam
579 775 732 825 quidem
752 776 946 820 similibus,
964 776 1031 813 sed
1050 777 1169 813 multo
1190 777 1457 822 minutissimis,
1489 785 1528 815 et
1548 792 1637 816 cum

194 833 429 884 compendiis
444 834 558 884 longe
573 835 742 885 plurimis
761 843 876 886 atque
891 836 1178 874 intricatissimis
1195 845 1362 876 exarata.
1420 838 1498 876 Sed
1517 838 1564 876 de
1579 839 1637 876 his

191 895 434 946 postmodum
457 909 525 932 suo
544 897 641 941 loeo,
673 910 760 934 cum
778 897 825 935 de
840 898 912 934 hoc
928 898 1064 935 codice
1079 898 1307 947 Augustano
1323 900 1491 949 pluribus
1511 913 1636 949 agam.

192 956 363 993 Diversis
377 956 481 993 hisce
497 957 723 994 lectionibus
739 957 878 995 codicis
893 959 1111 1008 Augustani
1126 959 1300 1008 subjecta
1314 967 1400 997 sunt
1414 960 1453 997 in
1469 961 1636 998 editione

193 1017 384 1054 WVolfiana
413 1017 556 1055 scholia
582 1018 756 1066 ejusdem
777 1019 922 1056 codicis
942 1032 964 1057 a
984 1033 1021 1070 p.
1041 1023 1130 1058 193.
1150 1019 1198 1057 ad
1220 1023 1307 1059 199.
1329 1033 1416 1058 cum
1436 1020 1551 1059 latina
1578 1022 1635 1058 in-

189 1078 462 1128 terpretatione
483 1079 626 1124 Wolfii,
660 1080 794 1129 quibus
827 1080 875 1118 de
903 1081 1057 1118 scholiis
1087 1081 1178 1118 item
1205 1082 1375 1131 pluribus
1404 1083 1517 1133 paulo
1552 1089 1637 1134 post

191 1153 397 1190 exponam.
453 1140 623 1177 Praefixit
650 1141 694 1179 iis
724 1141 824 1179 hanc
850 1142 1114 1193 praefationem
1134 1143 1296 1180 VVolfius
1315 1166 1366 1172 —-
1387 1144 1432 1180 In
1451 1145 1526 1182 fine
1545 1145 1634 1182 haec

189 1202 335 1240 scholia
354 1202 391 1238 in
411 1202 491 1253 περὶ
507 1203 686 1254 στεφάνου
706 1210 862 1241 exstant
887 1204 925 1240 in
950 1204 1158 1241 Lutetiano
1189 1205 1337 1242 codice.
1365 1205 1454 1255 (hoc
1475 1212 1533 1243 est
1553 1205 1633 1243 edi-

189 1264 293 1301 tione
313 1263 511 1311 parisina).
569 1264 615 1300 In
636 1264 942 1315 παραπρεσβείαν
971 1272 1010 1303 et
1039 1265 1259 1316 τιμοκράτην
1289 1266 1423 1316 partim
1455 1279 1501 1304 ex
1524 1267 1635 1317 Ulpi-

188 1339 263 1363 ano
290 1326 471 1376 decerpta
489 1338 584 1371 esse,
603 1326 741 1375 partim
770 1327 809 1363 in
837 1326 989 1364 scholiis
1017 1326 1230 1364 Lutetianis
1265 1334 1413 1364 exstare
1442 1328 1632 1367 videntur.

188 1400 305 1437 quare
326 1387 440 1424 nolim
462 1394 608 1425 certum
627 1387 798 1425 laborem
818 1401 955 1438 capere
974 1388 1121 1425 incerto
1141 1388 1279 1426 fructu.
1337 1389 1438 1427 Haec
1455 1389 1631 1427 Wolfius.

191 1448 435 1499 Expediebat
454 1456 595 1493 tamen,
614 1448 759 1498 opinor,
775 1449 897 1486 saltim
912 1450 1116 1487 varietates
1135 1449 1308 1487 lectionis
1331 1449 1366 1486 in
1385 1450 1442 1487 his
1463 1451 1631 1495 scholiis,

187 1523 273 1560 quae
294 1516 423 1547 essent
442 1509 480 1546 in
500 1511 738 1559 Augustano,
760 1510 790 1548 si
810 1524 895 1561 quae
919 1510 1178 1562 discreparent
1207 1511 1394 1549 lectiones
1416 1524 1438 1550 a
1457 1512 1633 1549 Lutetia-

185 1572 256 1616 nis,
277 1572 399 1623 prodi.

240 1633 418 1683 Denique
447 1634 659 1672 succedunt
685 1636 798 1673 variae
825 1635 1010 1674 lectiones
1043 1636 1082 1673 in
1109 1635 1186 1673 vita
1206 1635 1476 1674 Demosthenis
1495 1647 1519 1673 a
1538 1635 1632 1673 Plu·

185 1695 318 1733 tarcho
334 1695 525 1745 descripta
540 1712 549 1740 ;
578 1696 614 1733 in
627 1697 762 1746 quibus
776 1698 816 1736 F.
833 1698 873 1735 id
886 1698 1118 1747 estfortasse
1132 1697 1301 1745 additur,
1318 1697 1522 1734 Wolfianae
1543 1710 1630 1734 con-

177 1762 339 1806 jecturae
358 1765 457 1802 sunt,
474 1766 614 1795 ceterae
630 1759 847 1796 Lutetianae
867 1759 1024 1796 editioni
1041 1766 1214 1808 acceptae
1235 1759 1462 1795 referuntur.
1480 1759 1555 1807 (hic
1571 1765 1629 1796 est

182 1820 313 1857 titulus
342 1832 364 1856 a
389 1820 531 1856 Wolfio
559 1820 831 1870 praescriptus.)
857 1820 1166 1857 annotationibus
1199 1820 1249 1856 ad
1283 1818 1628 1869 Pseudoplutarchi

183 1883 298 1919 vitam
319 1881 593 1918 Demosthenis
623 1881 722 1918 hanc
751 1882 929 1932 praemisit
950 1881 1062 1918 Wolf
1085 1880 1389 1918 annotationem:
1419 1887 1514 1930 quot
1543 1880 1630 1918 loca

182 1944 219 1980 in
240 1944 315 1981 hoc
335 1943 518 1994 opusculo
542 1944 724 1994 εὐστόχως
755 1943 1049 1988 emendaverim,
1071 1948 1233 1979 testatur
1252 1941 1449 1979 conversio
1470 1954 1566 1986 inea,
1588 1949 1628 1979 et

181 2005 378 2055 specimen
392 2003 737 2041 Demosthenicum
755 2005 800 2042 A.
817 2007 932 2042 1569.
950 2004 1105 2041 editum.
1127 2009 1266 2040 caetera
1285 2002 1399 2053 hujus
1417 2002 1494 2040 loci
1512 2015 1629 2054 supra

180 2065 306 2110 retuli,
329 2078 416 2102 cum
436 2065 483 2101 de
501 2064 577 2102 hoc
597 2064 806 2114 specimine
825 2078 994 2114 agerem.

237 2126 317 2164 Hic
337 2133 396 2163 est
414 2132 617 2176 apparatus
647 2125 800 2163 criticus
821 2126 1047 2170 Wolfianus,
1074 2124 1208 2174 ingens
1235 2124 1390 2175 quidem
1421 2124 1497 2171 ille,
1518 2131 1557 2162 et
1576 2125 1627 2162 ad

183 2186 459 2225 emendandum
483 2187 785 2224 Demosthenem
807 2186 976 2237 inprimis
1004 2186 1119 2230 utilis,
1148 2185 1228 2231 sed,
1249 2193 1292 2223 ut
1311 2198 1415 2223 nunc
1435 2193 1507 2234 est,
1532 2186 1627 2222 nulli

181 2249 279 2286 usui.
338 2248 485 2285 Stultus
505 2247 553 2285 sit
572 2248 693 2285 lector
713 2261 872 2286 necesse
893 2254 964 2293 est,
985 2247 1049 2297 qui
1070 2247 1107 2283 id
1133 2246 1264 2292 faciat,
1283 2246 1384 2296 quod
1405 2247 1541 2283 editori
1562 2260 1627 2284 ne-

180 2309 346 2348 cessario
366 2315 426 2345 est
444 2307 675 2352 faciendum,
692 2316 734 2345 ut
748 2316 827 2345 tam
847 2308 1004 2346 diversis
1024 2308 1059 2344 in
1077 2307 1168 2344 locis
1189 2320 1350 2358 sparsas,
1372 2307 1500 2345 decies
1516 2321 1626 2359 repe-

179 2371 266 2407 titas
287 2369 442 2406 easdem
461 2369 646 2406 lectiones
666 2369 836 2419 indaget,
858 2369 972 2406 nullis
992 2381 1117 2418 neque
1137 2369 1374 2418 paginarum,
1396 2381 1522 2419 neque
1541 2382 1625 2406 ver-

180 2444 292 2470 suum
326 2430 424 2467 notis
458 2430 640 2479 signatas,
667 2431 704 2467 in
733 2430 870 2480 quibus
907 2430 1150 2479 indagandis,
1181 2430 1329 2467 tametsi
1360 2430 1625 2480 spississimum

182 2506 275 2544 opus
291 2492 418 2529 decies
438 2491 621 2537 revolvat,
643 2500 771 2530 tamen
791 2493 961 2541 integras
976 2492 1089 2528 horas
1106 2491 1255 2541 perdat.
1300 2492 1412 2541 Saepe
1432 2503 1505 2540 ego
1525 2491 1624 2528 mala

180 2555 298 2592 multa
329 2553 383 2590 fui
411 2553 637 2602 imprecatus
661 2554 709 2597 ei,
735 2553 795 2591 cui
822 2560 897 2591 tam
918 2565 1051 2590 vecors
1080 2559 1118 2589 et
1142 2552 1328 2589 furiosum
1355 2552 1554 2589 consilium
1584 2552 1622 2589 in

178 2623 348 2653 mentem
366 2614 483 2658 venit,
505 2621 546 2650 ut
563 2614 636 2651 hoe
656 2615 772 2651 modo
792 2614 987 2665 patienti-„e
1007 2614 1193 2650 lectorum
1214 2612 1403 2650 illuderet.
1450 2612 1620 2650 Demen-

177 2678 268 2715 tiam
288 2675 378 2713 satis
399 2675 522 2712 mirari
544 2688 618 2712 non
639 2689 804 2726 possum.
860 2675 1020 2712 Insumit
1040 2674 1209 2711 laborem
1230 2687 1305 2711 non
1326 2686 1483 2723 parvum
1499 2673 1620 2711 varias

175 2741 260 2778 illas
276 2745 332 2776 tot
347 2737 533 2775 lectiones
550 2738 781 2787 congerendi
798 2754 806 2781 ;
835 2738 914 2774 sine
932 2736 1059 2781 dubio,
1074 2749 1151 2786 quo
1167 2736 1330 2773 lectores
1343 2735 1386 2771 iis
1403 2742 1619 2778 uterentur;

176 2800 334 2851 exponit
354 2812 432 2840 eaS,
453 2798 519 2835 scd
539 2798 605 2842 sic,
627 2806 668 2835 ut
689 2812 799 2835 nemo
818 2799 862 2835 iis
884 2798 934 2834 uti
955 2804 1081 2846 queat.
1103 2810 1178 2846 quo
1200 2797 1279 2847 ipse
1299 2808 1382 2833 sese
1402 2808 1478 2832 suae
1500 2803 1617 2833 tantae

174 2875 303 2912 operae
324 2860 449 2897 fructu
469 2859 640 2909 privavit,
669 2872 819 2908 unaque
848 2866 1025 2896 emtores.
1083 2857 1246 2895 Perinde
1276 2870 1378 2894 nunc
1408 2864 1481 2901 est,
1516 2869 1561 2894 ac
1587 2857 1617 2894 si

174 2924 287 2975 plane
308 2921 400 2960 nihil
420 2920 644 2959 variantium
673 2920 863 2958 edidisset.
923 2919 1056 2970 Digeri
1076 2919 1159 2957 haec
1181 2919 1393 2970 oportebat,
1416 2925 1615 2969 certosque
