1824 3171
568 226 639 264 AD
670 225 1116 264 DEMOSTHENEM.
1518 233 1565 267 cli

122 348 135 368 ε
157 336 194 369 ot
212 332 223 367 ὶ
242 334 452 368 atramento
471 327 664 380 inscriptae
694 329 785 367 satis
812 328 912 368 clare
941 328 1157 376 videantur,
1178 327 1283 366 nulla
1302 333 1429 367 tamen
1451 343 1566 382 appa-

123 400 226 430 rente
246 403 390 429 rasura.

174 452 273 490 Aldo
298 451 398 488 idem
422 450 504 502 jam
538 458 626 489 ante
655 458 836 490 evenerat
854 456 897 489 ut
922 450 1171 489 Theocritum
1202 450 1338 489 eodem
1369 464 1469 489 anno
1501 466 1564 490 eo-

122 515 283 564 demque
304 514 376 550 sub
404 512 529 563 elogio
559 513 766 563 geminum,
797 514 956 551 alterum
983 514 1030 551 ab
1064 513 1185 551 altero
1215 513 1460 552 vehementer
1489 515 1565 552 dis-

120 575 306 612 sidentem
326 574 468 618 ederet,
491 581 535 612 ut
554 574 592 612 in
610 575 833 626 praefatione
852 574 901 612 ad
920 574 1167 613 novissimam
1185 581 1312 627 poetae
1332 576 1566 627 Syracusani

120 635 338 682 editionem,
353 635 415 673 hic
428 635 572 687 Lipsiae
587 644 774 683 curatam,
787 636 1070 681 demonstravi:
1102 650 1231 688 neque
1247 637 1397 688 dubito,
1417 636 1522 688 quin,
1535 637 1566 675 si

119 704 315 734 auctorum
343 696 547 735 latinorum
580 710 872 749 graecorumque
902 698 1067 736 editores
1099 698 1321 749 diligentius
1353 699 1390 736 in
1425 699 1565 750 primas

118 758 303 809 cujusque
321 758 488 797 auctoris
509 759 694 797 editiones
714 759 920 811 inquirant,
939 760 1043 811 quod
1064 773 1084 798 e
1107 772 1146 798 re
1172 760 1364 799 literarum
1384 767 1444 799 est
1471 761 1564 806 fieri,

118 826 281 866 constet,
302 826 341 859 et
358 820 407 858 ab
427 820 541 868 Aldo,
561 827 600 859 et
625 821 673 859 ab
694 821 789 867 aliis,
809 821 892 873 ejus
912 820 1136 872 aequalibus,
1157 821 1319 860 eandem
1347 835 1499 873 operam
1522 823 1565 860 fi-

118 883 279 933 demque
304 881 342 920 in
371 882 548 934 operibus
578 882 656 921 suis
689 882 739 921 ad
767 882 947 921 incudem
976 883 1203 922 revocandis
1239 883 1451 935 meliusque
1476 883 1565 922 item

116 950 153 981 et
173 942 309 981 melius
328 942 558 982 recudendis
578 943 742 994 positam
762 956 861 981 esse.

170 1005 223 1042 Ut
242 1011 361 1042 mater
380 1011 441 1043 est
458 1004 595 1043 Aldina
614 1005 705 1043 texti
726 1004 1032 1051 Demosthenici,
1052 1004 1155 1057 typis
1183 1005 1401 1057 provulgati
1418 1012 1457 1044 et
1478 1019 1564 1057 pro-

117 1066 261 1118 pagati,
277 1068 332 1104 sic
346 1066 481 1104 eadem
498 1073 618 1104 mater
638 1072 697 1104 est
715 1066 865 1104 critices
883 1078 1036 1117 quoque
1056 1066 1386 1114 Demostloenicae,
1413 1066 1488 1105 hoc
1508 1074 1568 1106 est

116 1128 231 1166 studii
253 1128 434 1166 lectiones
455 1128 660 1173 variantes,
682 1127 717 1164 in
734 1127 841 1164 libris
858 1127 1158 1165 demosthenicis
1177 1135 1438 1172 occurrentes,
1459 1128 1564 1166 colli-

116 1188 232 1240 gendi
257 1194 297 1227 et
321 1188 358 1226 in
391 1188 519 1227 medio
551 1188 734 1239 ponendi.
790 1187 916 1225 Aldus
935 1188 1036 1226 enim
1054 1189 1200 1239 primus
1220 1189 1386 1228 indicem
1407 1190 1565 1229 editioni

115 1263 196 1288 suae
216 1250 389 1302 subjecit,
408 1249 634 1288 variantium
653 1249 876 1296 lectionum,
897 1262 991 1301 quas
1015 1249 1055 1287 in
1089 1250 1212 1289 tribus
1232 1251 1430 1290 codicibus
1452 1251 1564 1291 Dem.

114 1311 326 1363 reperisset.
382 1311 462 1350 Tot
494 1311 596 1349 enim
627 1311 785 1349 omnino
819 1310 973 1350 codices
1002 1311 1074 1350 sibi
1106 1318 1249 1363 praesto
1274 1313 1389 1351 fuisse
1421 1313 1566 1352 Demo-

115 1373 286 1413 sthenem
314 1372 444 1412 edenti
462 1374 544 1425 ipse
562 1373 703 1412 fatetur
722 1385 769 1411 eo
791 1371 891 1419 loco,
919 1386 1034 1424 quern
1054 1386 1170 1425 supra
1193 1373 1361 1413 recitavi.
1417 1375 1565 1414 Intelli-

114 1435 228 1486 gebat
255 1448 389 1486 nempe
409 1434 547 1480 Aldus,
580 1442 622 1472 ut
654 1441 736 1473 erat
761 1435 844 1486 ipse
873 1435 926 1473 vir
954 1435 1108 1482 doctus,
1128 1447 1197 1473 seu
1226 1435 1564 1483 Carteromachus,

115 1496 225 1548 cujus
244 1496 407 1535 consiliis
427 1496 492 1534 ille
512 1504 591 1534 tum
611 1496 649 1534 in
669 1495 906 1535 adornandis
933 1496 1012 1535 suis
1042 1509 1256 1548 graecorum
1282 1497 1564 1550 latinorumque

115 1565 312 1596 auctorum
332 1557 440 1596 editt.
457 1558 650 1603 utebatur,
671 1556 978 1608 magnitudinem
995 1556 1205 1607 fructuum,
1225 1556 1291 1608 qui
1311 1570 1331 1596 e
1359 1558 1563 1597 collatione

116 1619 302 1657 variarum
330 1618 542 1657 lectionum
570 1618 619 1656 ad
651 1617 936 1657 emendandum
965 1625 1004 1657 et
1034 1625 1139 1656 recte
1167 1617 1460 1670 intelligendum
1495 1634 1564 1658 au-

113 1686 257 1719 ctorem
282 1693 471 1732 quemque
491 1687 738 1718 enascuntur.
797 1679 884 1718 Sive
903 1679 1091 1718 inciderat
1110 1681 1209 1718 forte
1227 1680 1382 1719 fortuna
1402 1681 1438 1718 in
1461 1683 1562 1731 ejus-

114 1741 217 1780 modi
231 1742 416 1787 codicem,
437 1741 651 1792 cujusmodi
671 1747 730 1779 est
751 1741 969 1789 Bavaricus,
987 1754 1065 1792 quo
1088 1741 1143 1779 uti
1162 1741 1251 1779 mihi
1274 1742 1402 1785 licuit:
1433 1756 1509 1793 quo
1525 1744 1563 1781 in

114 1805 247 1845 codiee
271 1804 481 1857 saepissime
510 1805 623 1843 variae
650 1804 834 1843 lectiones
866 1810 934 1843 aut
957 1817 1074 1856 supra
1099 1817 1265 1851 versum,
1299 1812 1364 1843 aut
1385 1807 1432 1843 ad
1462 1820 1562 1844 mar-

113 1868 252 1918 ginem,
271 1868 319 1905 ab
350 1867 435 1918 ipso
460 1866 627 1913 librario,
655 1867 719 1918 qui
739 1866 915 1905 codicem
935 1866 1118 1914 exaravit,
1138 1873 1334 1905 annotatae
1357 1875 1446 1905 sunt
1467 1868 1562 1906 alias

114 1928 300 1973 meliores,
321 1928 412 1966 alias
431 1928 594 1980 pejores,
615 1935 656 1966 ut
674 1928 730 1975 fit,
761 1928 845 1980 ipso
871 1934 990 1967 texto.
1047 1928 1222 1966 Indicem
1242 1928 1344 1966 hunc
1366 1929 1561 1977 Aldinum‚

112 1990 351 2029 conservavit
369 1990 624 2041 Herwagiana
643 1990 775 2041 prima,
789 2003 876 2041 quae
890 1991 1062 2042 proxima
1073 1990 1251 2029 Aldinam
1265 1999 1476 2029 consecuta
1488 2000 1562 2037 est,

113 2052 164 2089 nil
183 2057 384 2089 mutatum.
440 2051 517 2089 Sed
547 2052 752 2090 auctiorem
783 2051 891 2090 dedit
921 2052 1149 2099 Felicianus,
1172 2052 1335 2102 (Paulus
1355 2052 1454 2090 enim
1476 2053 1561 2091 Ma-

114 2113 242 2150 nutius
261 2112 322 2150 vix
342 2112 495 2150 videtur
514 2112 731 2151 Felicianeo
751 2113 953 2164 quicquam
975 2113 1022 2151 de
1043 2126 1113 2151 suo
1133 2114 1363 2162 addidisse.)
1421 2114 1563 2153 Moret-

112 2176 172 2213 lus
203 2173 448 2226 postmodum
475 2174 605 2226 copias
647 2174 853 2218 Parisiuas,
885 2175 1049 2212 Wolfius
1083 2176 1334 2224 Augustanas
1364 2174 1559 2219 addidere,

110 2230 250 2288 Taylor
278 2236 518 2274 Britannicas
538 2242 578 2274 et
596 2235 693 2274 alius
713 2236 878 2288 generis,
896 2236 986 2273 mihi
1016 2236 1170 2274 tandem
1207 2236 1361 2273 fortuna
1380 2237 1557 2286 quaedam

112 2298 281 2337 secunda
301 2298 425 2336 fontes
450 2297 638 2347 quosdam
666 2310 785 2335 novos
805 2297 967 2348 aperuit.
1024 2297 1087 2336 Sic
1108 2303 1223 2335 enata
1249 2304 1310 2335 est
1339 2297 1404 2335 illa
1424 2298 1558 2348 ingens

111 2361 316 2398 lectionum
348 2361 733 2399 Demosthenicarum
763 2361 929 2412 farrago,
963 2360 1011 2398 de
1036 2374 1113 2411 qua
1143 2361 1257 2412 paulo
1280 2368 1368 2412 post
1386 2361 1557 2412 pluribus

110 2434 235 2473 agam.
291 2421 431 2460 Aldina
446 2435 534 2461 vero
550 2422 624 2460 ista
642 2421 793 2461 critices
810 2423 1123 2461 Demosthenicae
1135 2422 1325 2461 elementa
1337 2423 1450 2473 plane
1467 2431 1559 2463 sunt

110 2483 238 2522 tenuia
257 2490 296 2521 et
312 2483 499 2522 informia.
530 2483 625 2521 Mihi
646 2496 728 2521 mos
743 2491 801 2522 est
819 2485 857 2521 in
872 2484 1154 2522 commentariis
1175 2483 1268 2521 meis
1289 2484 1394 2521 illurn
1410 2485 1556 2522 indicem

110 2546 279 2583 Aldinam
291 2545 352 2583 vel
369 2546 471 2595 Aleti,
489 2545 549 2583 vel
569 2545 722 2592 Aldinae,
742 2552 785 2584 ut
800 2545 980 2592 occurrit,
1001 2545 1210 2598 appellare.
1265 2546 1404 2597 Taylor
1420 2547 1556 2585 Mama-

111 2609 262 2658 scrz'ptos
277 2608 363 2645 Aldz'
382 2607 563 2659 appellat.

162 2671 351 2710 Notabilis
372 2671 499 2709 adhuc
518 2676 703 2722 superest,
724 2670 814 2707 mihi
835 2683 911 2708 non
941 2669 1245 2721 praetereundus,
1268 2683 1370 2709 error
1395 2670 1554 2721 insignis

109 2734 147 2770 in
167 2733 344 2772 Aldinam
359 2733 561 2778 admissus,
584 2739 623 2770 et
649 2732 754 2770 illinc
775 2732 813 2769 in
834 2731 1126 2783 Herwagianam
1147 2738 1397 2782 propagatus,
1411 2745 1434 2770 a
1456 2733 1554 2769 Feli-

109 2795 218 2832 ciano
243 2795 362 2846 primo
392 2795 552 2833 feliciter
579 2794 765 2840 sublatus,
785 2793 823 2830 in
851 2793 1066 2839 Prooemiis,
1087 2793 1151 2830 ubi
1170 2794 1291 2832 multa
1310 2794 1449 2831 misere
1468 2806 1553 2844 per-

110 2855 226 2894 mixta
244 2865 282 2894 et
300 2857 527 2895 conturbata
546 2862 647 2902 sunt,
672 2862 714 2893 ut
743 2855 915 2893 extricari
937 2863 975 2892 ct
1004 2855 1041 2892 in
1066 2855 1239 2893 ordinem
1265 2855 1386 2906 redigi
1411 2868 1553 2905 neque—

111 2924 189 2962 ant,
215 2917 314 2956 foliis
345 2932 367 2956 a
397 2918 615 2970 bibliopego
642 2916 894 2968 transpositi5‚
916 2930 990 2967 qun
1011 2916 1056 2955 de
1079 2930 1118 2954 re
1145 2917 1315 2969 pluribus
1338 2917 1485 2954 dicetur
1506 2916 1553 2953 ad

109 2991 146 3028 p,
167 2979 256 3017 763.
280 2980 342 3016 35.
